timestamp,symbol,bid,ask,size
2025-01-06 09:30:00,AAPL,103.7992,103.8188,969
2025-01-06 09:30:01,AAPL,103.7667,103.7761,2633
2025-01-06 09:30:02,AAPL,103.7531,103.7581,3289
2025-01-06 09:30:03,AAPL,103.7746,103.7804,8633
2025-01-06 09:30:04,AAPL,103.7617,103.7684,8005
2025-01-06 09:30:05,AAPL,103.7351,103.7532,3946
2025-01-06 09:30:06,AAPL,103.7521,103.7584,8554
2025-01-06 09:30:07,AAPL,103.7598,103.7703,9403
2025-01-06 09:30:08,AAPL,103.7149,103.7294,307
2025-01-06 09:30:09,AAPL,103.6902,103.6967,5519
2025-01-06 09:30:10,AAPL,103.7007,103.707,6473
2025-01-06 09:30:11,AAPL,103.7202,103.7294,5487
2025-01-06 09:30:12,AAPL,103.6824,103.6921,4627
2025-01-06 09:30:13,AAPL,103.6601,103.6869,8275
2025-01-06 09:30:14,AAPL,103.6755,103.6809,5135
2025-01-06 09:30:15,AAPL,103.6447,103.6599,4068
2025-01-06 09:30:16,AAPL,103.674,103.6908,8289
2025-01-06 09:30:17,AAPL,103.675,103.6984,4768
2025-01-06 09:30:18,AAPL,103.674,103.6963,2094
2025-01-06 09:30:19,AAPL,103.6785,103.6866,2358
2025-01-06 09:30:20,AAPL,103.7006,103.7073,3688
2025-01-06 09:30:21,AAPL,103.7254,103.7314,8808
2025-01-06 09:30:22,AAPL,103.7154,103.7374,4190
2025-01-06 09:30:23,AAPL,103.7143,103.7394,247
2025-01-06 09:30:24,AAPL,103.7187,103.7406,2288
2025-01-06 09:30:25,AAPL,103.7221,103.7415,7706
2025-01-06 09:30:26,AAPL,103.722,103.7413,6054
2025-01-06 09:30:27,AAPL,103.7469,103.758,6723
2025-01-06 09:30:28,AAPL,103.7306,103.7488,5502
2025-01-06 09:30:29,AAPL,103.7244,103.7472,1761
2025-01-06 09:30:30,AAPL,103.754,103.7623,283
2025-01-06 09:30:31,AAPL,103.6856,103.6956,4231
2025-01-06 09:30:32,AAPL,103.6613,103.6669,6279
2025-01-06 09:30:33,AAPL,103.6478,103.6652,6094
2025-01-06 09:30:34,AAPL,103.662,103.6788,4307
2025-01-06 09:30:35,AAPL,103.665,103.6841,6592
2025-01-06 09:30:36,AAPL,103.6789,103.6896,340
2025-01-06 09:30:37,AAPL,103.651,103.6567,9156
2025-01-06 09:30:38,AAPL,103.6331,103.6434,1056
2025-01-06 09:30:39,AAPL,103.6494,103.6568,2674
2025-01-06 09:30:40,AAPL,103.6255,103.6335,3628
2025-01-06 09:30:41,AAPL,103.6215,103.6311,6622
2025-01-06 09:30:42,AAPL,103.6239,103.6523,1422
2025-01-06 09:30:43,AAPL,103.6339,103.6432,8418
2025-01-06 09:30:44,AAPL,103.6058,103.6142,8253
2025-01-06 09:30:45,AAPL,103.6369,103.6443,1569
2025-01-06 09:30:46,AAPL,103.656,103.6638,609
2025-01-06 09:30:47,AAPL,103.6464,103.6618,1151
2025-01-06 09:30:48,AAPL,103.6863,103.6961,7708
2025-01-06 09:30:49,AAPL,103.6772,103.6843,7286
2025-01-06 09:30:50,AAPL,103.6851,103.6993,7203
2025-01-06 09:30:51,AAPL,103.7358,103.7571,2525
2025-01-06 09:30:52,AAPL,103.7828,103.7888,3987
2025-01-06 09:30:53,AAPL,103.7559,103.766,1793
2025-01-06 09:30:54,AAPL,103.7488,103.7683,8502
2025-01-06 09:30:55,AAPL,103.7579,103.7644,6627
2025-01-06 09:30:56,AAPL,103.7499,103.7729,7624
2025-01-06 09:30:57,AAPL,103.7838,103.8009,8247
2025-01-06 09:30:58,AAPL,103.8212,103.8474,5570
2025-01-06 09:30:59,AAPL,103.7969,103.8095,9150
2025-01-06 09:31:00,AAPL,103.7902,103.8047,9261
2025-01-06 09:31:01,AAPL,103.7903,103.8009,7646
2025-01-06 09:31:02,AAPL,103.7704,103.7786,1264
2025-01-06 09:31:03,AAPL,103.776,103.7921,5435
2025-01-06 09:31:04,AAPL,103.7651,103.7796,1991
2025-01-06 09:31:05,AAPL,103.7525,103.7594,3261
2025-01-06 09:31:06,AAPL,103.7564,103.7681,6320
2025-01-06 09:31:07,AAPL,103.7482,103.7571,8676
2025-01-06 09:31:08,AAPL,103.7368,103.761,2874
2025-01-06 09:31:09,AAPL,103.7915,103.7989,2541
2025-01-06 09:31:10,AAPL,103.7818,103.7982,5055
2025-01-06 09:31:11,AAPL,103.7551,103.7706,8579
2025-01-06 09:31:12,AAPL,103.7558,103.763,546
2025-01-06 09:31:13,AAPL,103.7903,103.7991,7396
2025-01-06 09:31:14,AAPL,103.7883,103.794,5932
2025-01-06 09:31:15,AAPL,103.8131,103.8354,9186
2025-01-06 09:31:16,AAPL,103.783,103.7982,6943
2025-01-06 09:31:17,AAPL,103.7638,103.773,5158
2025-01-06 09:31:18,AAPL,103.7819,103.7901,1115
2025-01-06 09:31:19,AAPL,103.8084,103.823,6870
2025-01-06 09:31:20,AAPL,103.8035,103.8102,2263
2025-01-06 09:31:21,AAPL,103.8006,103.8098,2757
2025-01-06 09:31:22,AAPL,103.813,103.821,8585
2025-01-06 09:31:23,AAPL,103.8034,103.812,9767
2025-01-06 09:31:24,AAPL,103.7996,103.8085,1876
2025-01-06 09:31:25,AAPL,103.7947,103.8056,2924
2025-01-06 09:31:26,AAPL,103.7935,103.8075,1617
2025-01-06 09:31:27,AAPL,103.7938,103.8031,6864
2025-01-06 09:31:28,AAPL,103.8063,103.8216,1153
2025-01-06 09:31:29,AAPL,103.8162,103.8439,9384
2025-01-06 09:31:30,AAPL,103.8254,103.8353,9240
2025-01-06 09:31:31,AAPL,103.849,103.8575,7305
2025-01-06 09:31:32,AAPL,103.8541,103.8656,5181
2025-01-06 09:31:33,AAPL,103.8486,103.8594,9076
2025-01-06 09:31:34,AAPL,103.8321,103.8577,732
2025-01-06 09:31:35,AAPL,103.8512,103.868,4291
2025-01-06 09:31:36,AAPL,103.8515,103.8623,2864
2025-01-06 09:31:37,AAPL,103.8499,103.8572,7136
2025-01-06 09:31:38,AAPL,103.8352,103.8436,8876
2025-01-06 09:31:39,AAPL,103.8225,103.8375,1064
2025-01-06 09:31:40,AAPL,103.8161,103.8218,9642
2025-01-06 09:31:41,AAPL,103.8048,103.8129,4559
2025-01-06 09:31:42,AAPL,103.8089,103.8174,2108
2025-01-06 09:31:43,AAPL,103.8058,103.8217,2038
2025-01-06 09:31:44,AAPL,103.8202,103.8406,1848
2025-01-06 09:31:45,AAPL,103.8389,103.8499,5646
2025-01-06 09:31:46,AAPL,103.8605,103.8714,8777
2025-01-06 09:31:47,AAPL,103.8546,103.8708,7987
2025-01-06 09:31:48,AAPL,103.8685,103.8743,1501
2025-01-06 09:31:49,AAPL,103.8614,103.8682,6880
2025-01-06 09:31:50,AAPL,103.8258,103.8331,1280
2025-01-06 09:31:51,AAPL,103.8195,103.832,9967
2025-01-06 09:31:52,AAPL,103.8444,103.8627,5276
2025-01-06 09:31:53,AAPL,103.8605,103.8664,8685
2025-01-06 09:31:54,AAPL,103.8474,103.8627,868
2025-01-06 09:31:55,AAPL,103.8508,103.8589,1590
2025-01-06 09:31:56,AAPL,103.8829,103.894,8465
2025-01-06 09:31:57,AAPL,103.8836,103.8964,7961
2025-01-06 09:31:58,AAPL,103.8789,103.8841,4266
2025-01-06 09:31:59,AAPL,103.8341,103.8414,94
2025-01-06 09:32:00,AAPL,103.8358,103.8483,4626
2025-01-06 09:32:01,AAPL,103.8289,103.8593,4889
2025-01-06 09:32:02,AAPL,103.8527,103.8584,9232
2025-01-06 09:32:03,AAPL,103.8543,103.8604,9036
2025-01-06 09:32:04,AAPL,103.8468,103.8657,549
2025-01-06 09:32:05,AAPL,103.8253,103.8468,9980
2025-01-06 09:32:06,AAPL,103.8096,103.8262,6263
2025-01-06 09:32:07,AAPL,103.8152,103.8252,6771
2025-01-06 09:32:08,AAPL,103.7996,103.8172,7929
2025-01-06 09:32:09,AAPL,103.7854,103.8017,3351
2025-01-06 09:32:10,AAPL,103.7845,103.8025,2427
2025-01-06 09:32:11,AAPL,103.7916,103.811,3977
2025-01-06 09:32:12,AAPL,103.8117,103.8169,373
2025-01-06 09:32:13,AAPL,103.7795,103.8002,2680
2025-01-06 09:32:14,AAPL,103.7619,103.7728,3124
2025-01-06 09:32:15,AAPL,103.7663,103.7762,5399
2025-01-06 09:32:16,AAPL,103.763,103.787,7943
2025-01-06 09:32:17,AAPL,103.7545,103.7636,2817
2025-01-06 09:32:18,AAPL,103.7503,103.7581,1502
2025-01-06 09:32:19,AAPL,103.7466,103.7623,9035
2025-01-06 09:32:20,AAPL,103.744,103.7569,323
2025-01-06 09:32:21,AAPL,103.7589,103.7702,4990
2025-01-06 09:32:22,AAPL,103.7581,103.7651,8966
2025-01-06 09:32:23,AAPL,103.7621,103.77,4014
2025-01-06 09:32:24,AAPL,103.7412,103.7684,3382
2025-01-06 09:32:25,AAPL,103.7549,103.7699,6452
2025-01-06 09:32:26,AAPL,103.7862,103.7918,7623
2025-01-06 09:32:27,AAPL,103.7922,103.8084,6826
2025-01-06 09:32:28,AAPL,103.7915,103.8084,3153
2025-01-06 09:32:29,AAPL,103.8017,103.8076,7040
2025-01-06 09:32:30,AAPL,103.7686,103.7771,4279
2025-01-06 09:32:31,AAPL,103.754,103.7827,100
2025-01-06 09:32:32,AAPL,103.7426,103.7495,3592
2025-01-06 09:32:33,AAPL,103.751,103.7573,3545
2025-01-06 09:32:34,AAPL,103.743,103.7493,438
2025-01-06 09:32:35,AAPL,103.7059,103.7176,7690
2025-01-06 09:32:36,AAPL,103.6708,103.6922,9708
2025-01-06 09:32:37,AAPL,103.6223,103.6382,5611
2025-01-06 09:32:38,AAPL,103.6226,103.6355,327
2025-01-06 09:32:39,AAPL,103.6273,103.6323,516
2025-01-06 09:32:40,AAPL,103.5955,103.6018,9669
2025-01-06 09:32:41,AAPL,103.585,103.5971,3613
2025-01-06 09:32:42,AAPL,103.6001,103.6093,3543
2025-01-06 09:32:43,AAPL,103.5779,103.5982,2000
2025-01-06 09:32:44,AAPL,103.5995,103.6054,9715
2025-01-06 09:32:45,AAPL,103.5934,103.6046,1713
2025-01-06 09:32:46,AAPL,103.5925,103.6251,6999
2025-01-06 09:32:47,AAPL,103.5884,103.5959,2002
2025-01-06 09:32:48,AAPL,103.5952,103.6102,900
2025-01-06 09:32:49,AAPL,103.5708,103.5759,8802
2025-01-06 09:32:50,AAPL,103.5967,103.6103,4305
2025-01-06 09:32:51,AAPL,103.5962,103.6065,5048
2025-01-06 09:32:52,AAPL,103.5934,103.606,7107
2025-01-06 09:32:53,AAPL,103.6042,103.6127,1251
2025-01-06 09:32:54,AAPL,103.5753,103.5867,5177
2025-01-06 09:32:55,AAPL,103.592,103.6014,8725
2025-01-06 09:32:56,AAPL,103.5885,103.5953,2925
2025-01-06 09:32:57,AAPL,103.6074,103.6215,2260
2025-01-06 09:32:58,AAPL,103.603,103.6178,1320
2025-01-06 09:32:59,AAPL,103.6021,103.6144,353
2025-01-06 09:33:00,AAPL,103.5971,103.6072,5508
2025-01-06 09:33:01,AAPL,103.6243,103.6299,5315
2025-01-06 09:33:02,AAPL,103.6411,103.6496,9634
2025-01-06 09:33:03,AAPL,103.6301,103.6542,9122
2025-01-06 09:33:04,AAPL,103.6666,103.6738,4801
2025-01-06 09:33:05,AAPL,103.6644,103.6732,5205
2025-01-06 09:33:06,AAPL,103.667,103.6744,5650
2025-01-06 09:33:07,AAPL,103.6686,103.6783,1800
2025-01-06 09:33:08,AAPL,103.6535,103.6633,2099
2025-01-06 09:33:09,AAPL,103.6277,103.6389,4284
2025-01-06 09:33:10,AAPL,103.6104,103.6201,5436
2025-01-06 09:33:11,AAPL,103.5915,103.6057,928
2025-01-06 09:33:12,AAPL,103.5865,103.6015,976
2025-01-06 09:33:13,AAPL,103.5808,103.6007,8785
2025-01-06 09:33:14,AAPL,103.5663,103.5836,8717
2025-01-06 09:33:15,AAPL,103.5402,103.5525,1328
2025-01-06 09:33:16,AAPL,103.5435,103.5501,7792
2025-01-06 09:33:17,AAPL,103.5307,103.5456,1054
2025-01-06 09:33:18,AAPL,103.5266,103.5361,7267
2025-01-06 09:33:19,AAPL,103.5324,103.5442,4564
2025-01-06 09:33:20,AAPL,103.5261,103.5413,6623
2025-01-06 09:33:21,AAPL,103.5281,103.5466,7940
2025-01-06 09:33:22,AAPL,103.5084,103.5312,9743
2025-01-06 09:33:23,AAPL,103.4999,103.5065,4735
2025-01-06 09:33:24,AAPL,103.4793,103.4949,5206
2025-01-06 09:33:25,AAPL,103.4994,103.5097,5012
2025-01-06 09:33:26,AAPL,103.5165,103.5233,4044
2025-01-06 09:33:27,AAPL,103.5514,103.5581,6836
2025-01-06 09:33:28,AAPL,103.5511,103.5706,1099
2025-01-06 09:33:29,AAPL,103.5674,103.5766,4537
2025-01-06 09:33:30,AAPL,103.5739,103.5803,9136
2025-01-06 09:33:31,AAPL,103.5513,103.568,3295
2025-01-06 09:33:32,AAPL,103.5576,103.5646,2614
2025-01-06 09:33:33,AAPL,103.5478,103.5541,8291
2025-01-06 09:33:34,AAPL,103.5746,103.5902,633
2025-01-06 09:33:35,AAPL,103.553,103.5793,4152
2025-01-06 09:33:36,AAPL,103.5571,103.565,1962
2025-01-06 09:33:37,AAPL,103.5557,103.569,9308
2025-01-06 09:33:38,AAPL,103.5417,103.5574,322
2025-01-06 09:33:39,AAPL,103.5747,103.5837,2641
2025-01-06 09:33:40,AAPL,103.561,103.572,3801
2025-01-06 09:33:41,AAPL,103.5629,103.5686,6935
2025-01-06 09:33:42,AAPL,103.5578,103.5783,9427
2025-01-06 09:33:43,AAPL,103.5551,103.5676,2858
2025-01-06 09:33:44,AAPL,103.5701,103.5864,3872
2025-01-06 09:33:45,AAPL,103.5958,103.6047,840
2025-01-06 09:33:46,AAPL,103.5971,103.6092,8699
2025-01-06 09:33:47,AAPL,103.6164,103.6408,5032
2025-01-06 09:33:48,AAPL,103.6499,103.6579,668
2025-01-06 09:33:49,AAPL,103.6625,103.6862,5565
2025-01-06 09:33:50,AAPL,103.6884,103.694,1726
2025-01-06 09:33:51,AAPL,103.6676,103.6866,2773
2025-01-06 09:33:52,AAPL,103.6907,103.7049,4138
2025-01-06 09:33:53,AAPL,103.7027,103.7108,5884
2025-01-06 09:33:54,AAPL,103.699,103.7154,7704
2025-01-06 09:33:55,AAPL,103.6905,103.7061,7744
2025-01-06 09:33:56,AAPL,103.7034,103.7236,2374
2025-01-06 09:33:57,AAPL,103.7017,103.7163,2293
2025-01-06 09:33:58,AAPL,103.701,103.7075,7354
2025-01-06 09:33:59,AAPL,103.695,103.7061,9760
2025-01-06 09:34:00,AAPL,103.6801,103.6955,6296
2025-01-06 09:34:01,AAPL,103.6802,103.6925,647
2025-01-06 09:34:02,AAPL,103.6599,103.6757,2017
2025-01-06 09:34:03,AAPL,103.6753,103.6909,3848
2025-01-06 09:34:04,AAPL,103.6647,103.6732,9848
2025-01-06 09:34:05,AAPL,103.6613,103.6671,4355
2025-01-06 09:34:06,AAPL,103.6499,103.6604,6812
2025-01-06 09:34:07,AAPL,103.6594,103.6748,607
2025-01-06 09:34:08,AAPL,103.6553,103.6706,4923
2025-01-06 09:34:09,AAPL,103.6514,103.6634,306
2025-01-06 09:34:10,AAPL,103.6411,103.6643,5538
2025-01-06 09:34:11,AAPL,103.6402,103.6605,7443
2025-01-06 09:34:12,AAPL,103.6644,103.6786,8801
2025-01-06 09:34:13,AAPL,103.6621,103.6801,2982
2025-01-06 09:34:14,AAPL,103.6654,103.6779,522
2025-01-06 09:34:15,AAPL,103.6925,103.7188,6530
2025-01-06 09:34:16,AAPL,103.7142,103.7253,2048
2025-01-06 09:34:17,AAPL,103.7538,103.7675,919
2025-01-06 09:34:18,AAPL,103.737,103.7508,7266
2025-01-06 09:34:19,AAPL,103.776,103.7899,9501
2025-01-06 09:34:20,AAPL,103.7591,103.7791,3001
2025-01-06 09:34:21,AAPL,103.7497,103.7725,2017
2025-01-06 09:34:22,AAPL,103.7708,103.7797,6349
2025-01-06 09:34:23,AAPL,103.7686,103.7839,1022
2025-01-06 09:34:24,AAPL,103.7345,103.7451,4119
2025-01-06 09:34:25,AAPL,103.7496,103.7694,9085
2025-01-06 09:34:26,AAPL,103.7769,103.7897,5812
2025-01-06 09:34:27,AAPL,103.7382,103.7475,7984
2025-01-06 09:34:28,AAPL,103.764,103.7714,742
2025-01-06 09:34:29,AAPL,103.7583,103.7725,7625
2025-01-06 09:34:30,AAPL,103.7634,103.7743,343
2025-01-06 09:34:31,AAPL,103.7376,103.7562,7540
2025-01-06 09:34:32,AAPL,103.7128,103.7254,4555
2025-01-06 09:34:33,AAPL,103.7037,103.7228,5496
2025-01-06 09:34:34,AAPL,103.7672,103.777,3295
2025-01-06 09:34:35,AAPL,103.7867,103.8056,9858
2025-01-06 09:34:36,AAPL,103.7808,103.8003,1030
2025-01-06 09:34:37,AAPL,103.7566,103.7639,7791
2025-01-06 09:34:38,AAPL,103.7048,103.7114,9698
2025-01-06 09:34:39,AAPL,103.7192,103.7267,8956
2025-01-06 09:34:40,AAPL,103.7125,103.7299,3753
2025-01-06 09:34:41,AAPL,103.7229,103.7391,2985
2025-01-06 09:34:42,AAPL,103.7115,103.7228,5692
2025-01-06 09:34:43,AAPL,103.7313,103.745,5492
2025-01-06 09:34:44,AAPL,103.7477,103.7666,7064
2025-01-06 09:34:45,AAPL,103.7499,103.7577,2714
2025-01-06 09:34:46,AAPL,103.7305,103.741,2648
2025-01-06 09:34:47,AAPL,103.7041,103.7106,8938
2025-01-06 09:34:48,AAPL,103.6699,103.7024,6913
2025-01-06 09:34:49,AAPL,103.7253,103.7319,7704
2025-01-06 09:34:50,AAPL,103.7431,103.7501,2722
2025-01-06 09:34:51,AAPL,103.749,103.7626,5455
2025-01-06 09:34:52,AAPL,103.7687,103.7816,1443
2025-01-06 09:34:53,AAPL,103.7546,103.7753,9724
2025-01-06 09:34:54,AAPL,103.7715,103.7816,1538
2025-01-06 09:34:55,AAPL,103.727,103.7565,588
2025-01-06 09:34:56,AAPL,103.7711,103.7767,3536
2025-01-06 09:34:57,AAPL,103.7529,103.7663,6122
2025-01-06 09:34:58,AAPL,103.7557,103.7754,7244
2025-01-06 09:34:59,AAPL,103.7652,103.775,8645
2025-01-06 09:35:00,AAPL,103.7719,103.7777,9217
2025-01-06 09:35:01,AAPL,103.7717,103.7769,8243
2025-01-06 09:35:02,AAPL,103.7718,103.7861,402
2025-01-06 09:35:03,AAPL,103.7799,103.7962,5450
2025-01-06 09:35:04,AAPL,103.7653,103.7728,9812
2025-01-06 09:35:05,AAPL,103.7689,103.7921,5534
2025-01-06 09:35:06,AAPL,103.7654,103.7749,2333
2025-01-06 09:35:07,AAPL,103.7537,103.7721,4975
2025-01-06 09:35:08,AAPL,103.7658,103.7732,2106
2025-01-06 09:35:09,AAPL,103.7579,103.768,1889
2025-01-06 09:35:10,AAPL,103.7563,103.762,3999
2025-01-06 09:35:11,AAPL,103.7628,103.7773,973
2025-01-06 09:35:12,AAPL,103.7721,103.7776,2869
2025-01-06 09:35:13,AAPL,103.7344,103.7493,616
2025-01-06 09:35:14,AAPL,103.7465,103.7577,352
2025-01-06 09:35:15,AAPL,103.7656,103.7821,1603
2025-01-06 09:35:16,AAPL,103.7826,103.7955,5396
2025-01-06 09:35:17,AAPL,103.787,103.8105,635
2025-01-06 09:35:18,AAPL,103.7509,103.765,6448
2025-01-06 09:35:19,AAPL,103.7844,103.7974,8048
2025-01-06 09:35:20,AAPL,103.7691,103.7747,9398
2025-01-06 09:35:21,AAPL,103.7619,103.7721,4674
2025-01-06 09:35:22,AAPL,103.7296,103.7489,5900
2025-01-06 09:35:23,AAPL,103.7512,103.7672,5331
2025-01-06 09:35:24,AAPL,103.7706,103.7821,6118
2025-01-06 09:35:25,AAPL,103.7627,103.7727,2386
2025-01-06 09:35:26,AAPL,103.708,103.7135,2598
2025-01-06 09:35:27,AAPL,103.6677,103.6938,5031
2025-01-06 09:35:28,AAPL,103.7059,103.7159,5681
2025-01-06 09:35:29,AAPL,103.722,103.7284,4732
2025-01-06 09:35:30,AAPL,103.7381,103.7656,6454
2025-01-06 09:35:31,AAPL,103.7688,103.7782,555
2025-01-06 09:35:32,AAPL,103.7699,103.7851,3442
2025-01-06 09:35:33,AAPL,103.7849,103.8049,4940
2025-01-06 09:35:34,AAPL,103.7836,103.7966,4721
2025-01-06 09:35:35,AAPL,103.784,103.7954,3309
2025-01-06 09:35:36,AAPL,103.792,103.812,2487
2025-01-06 09:35:37,AAPL,103.7947,103.8014,3677
2025-01-06 09:35:38,AAPL,103.7835,103.7937,6894
2025-01-06 09:35:39,AAPL,103.7661,103.7735,7466
2025-01-06 09:35:40,AAPL,103.748,103.7633,2196
2025-01-06 09:35:41,AAPL,103.7607,103.7686,6113
2025-01-06 09:35:42,AAPL,103.7805,103.8037,8747
2025-01-06 09:35:43,AAPL,103.7995,103.8068,3346
2025-01-06 09:35:44,AAPL,103.7763,103.7883,6272
2025-01-06 09:35:45,AAPL,103.7436,103.7598,4530
2025-01-06 09:35:46,AAPL,103.7326,103.7551,7555
2025-01-06 09:35:47,AAPL,103.7235,103.7362,6044
2025-01-06 09:35:48,AAPL,103.7368,103.7491,8111
2025-01-06 09:35:49,AAPL,103.7465,103.7529,194
2025-01-06 09:35:50,AAPL,103.7722,103.7879,1323
2025-01-06 09:35:51,AAPL,103.7874,103.794,4142
2025-01-06 09:35:52,AAPL,103.7852,103.7938,7549
2025-01-06 09:35:53,AAPL,103.7846,103.8096,6216
2025-01-06 09:35:54,AAPL,103.8006,103.8244,6126
2025-01-06 09:35:55,AAPL,103.7707,103.7806,3746
2025-01-06 09:35:56,AAPL,103.7672,103.7868,8444
2025-01-06 09:35:57,AAPL,103.7482,103.7589,8199
2025-01-06 09:35:58,AAPL,103.7541,103.7607,1004
2025-01-06 09:35:59,AAPL,103.7564,103.7616,3745
2025-01-06 09:36:00,AAPL,103.7858,103.8013,5392
2025-01-06 09:36:01,AAPL,103.797,103.8219,178
2025-01-06 09:36:02,AAPL,103.7984,103.8089,5516
2025-01-06 09:36:03,AAPL,103.7737,103.784,4503
2025-01-06 09:36:04,AAPL,103.7645,103.7698,4310
2025-01-06 09:36:05,AAPL,103.7569,103.7682,5850
2025-01-06 09:36:06,AAPL,103.7738,103.7836,5775
2025-01-06 09:36:07,AAPL,103.7407,103.747,3452
2025-01-06 09:36:08,AAPL,103.7176,103.726,3532
2025-01-06 09:36:09,AAPL,103.7354,103.7468,6256
2025-01-06 09:36:10,AAPL,103.7378,103.7476,555
2025-01-06 09:36:11,AAPL,103.6993,103.7198,6618
2025-01-06 09:36:12,AAPL,103.7151,103.7238,2325
2025-01-06 09:36:13,AAPL,103.7194,103.7436,9572
2025-01-06 09:36:14,AAPL,103.729,103.7385,4093
2025-01-06 09:36:15,AAPL,103.747,103.7591,1811
2025-01-06 09:36:16,AAPL,103.7497,103.7583,7749
2025-01-06 09:36:17,AAPL,103.7542,103.7607,8464
2025-01-06 09:36:18,AAPL,103.7708,103.7919,8355
2025-01-06 09:36:19,AAPL,103.776,103.7849,1297
2025-01-06 09:36:20,AAPL,103.7981,103.819,3562
2025-01-06 09:36:21,AAPL,103.7915,103.7982,1417
2025-01-06 09:36:22,AAPL,103.8089,103.8308,5762
2025-01-06 09:36:23,AAPL,103.8261,103.836,8650
2025-01-06 09:36:24,AAPL,103.8429,103.8498,196
2025-01-06 09:36:25,AAPL,103.8393,103.8615,2181
2025-01-06 09:36:26,AAPL,103.849,103.8634,9530
2025-01-06 09:36:27,AAPL,103.861,103.8814,2359
2025-01-06 09:36:28,AAPL,103.8404,103.8455,9153
2025-01-06 09:36:29,AAPL,103.8222,103.8302,2162
2025-01-06 09:36:30,AAPL,103.8085,103.8147,3820
2025-01-06 09:36:31,AAPL,103.7765,103.782,1663
2025-01-06 09:36:32,AAPL,103.8106,103.8243,4213
2025-01-06 09:36:33,AAPL,103.786,103.8056,8088
2025-01-06 09:36:34,AAPL,103.7643,103.7869,1525
2025-01-06 09:36:35,AAPL,103.7793,103.7885,4639
2025-01-06 09:36:36,AAPL,103.8144,103.8255,4514
2025-01-06 09:36:37,AAPL,103.8683,103.8784,7202
2025-01-06 09:36:38,AAPL,103.8698,103.8755,2260
2025-01-06 09:36:39,AAPL,103.8732,103.8891,3296
2025-01-06 09:36:40,AAPL,103.8658,103.8818,6695
2025-01-06 09:36:41,AAPL,103.8665,103.8732,4848
2025-01-06 09:36:42,AAPL,103.8886,103.8956,403
2025-01-06 09:36:43,AAPL,103.8856,103.8945,6121
2025-01-06 09:36:44,AAPL,103.8438,103.8515,5964
2025-01-06 09:36:45,AAPL,103.852,103.8603,9218
2025-01-06 09:36:46,AAPL,103.8301,103.8427,5950
2025-01-06 09:36:47,AAPL,103.8419,103.8521,5157
2025-01-06 09:36:48,AAPL,103.7939,103.8082,1755
2025-01-06 09:36:49,AAPL,103.8008,103.8126,358
2025-01-06 09:36:50,AAPL,103.8191,103.8351,7508
2025-01-06 09:36:51,AAPL,103.8311,103.8417,7554
2025-01-06 09:36:52,AAPL,103.8704,103.8804,7343
2025-01-06 09:36:53,AAPL,103.8976,103.9042,7688
2025-01-06 09:36:54,AAPL,103.8907,103.8976,1365
2025-01-06 09:36:55,AAPL,103.9041,103.912,9197
2025-01-06 09:36:56,AAPL,103.8686,103.8833,1255
2025-01-06 09:36:57,AAPL,103.8644,103.8955,6835
2025-01-06 09:36:58,AAPL,103.877,103.8999,6123
2025-01-06 09:36:59,AAPL,103.9042,103.9106,3817
2025-01-06 09:37:00,AAPL,103.9142,103.9339,6681
2025-01-06 09:37:01,AAPL,103.9138,103.9215,5675
2025-01-06 09:37:02,AAPL,103.9172,103.9269,1254
2025-01-06 09:37:03,AAPL,103.9525,103.9608,4911
2025-01-06 09:37:04,AAPL,103.9518,103.9667,4220
2025-01-06 09:37:05,AAPL,103.9595,103.9711,8709
2025-01-06 09:37:06,AAPL,103.9607,103.9735,2862
2025-01-06 09:37:07,AAPL,103.9694,103.979,5210
2025-01-06 09:37:08,AAPL,104.0013,104.0083,5319
2025-01-06 09:37:09,AAPL,103.9877,104.0095,3145
2025-01-06 09:37:10,AAPL,103.9905,103.9998,7552
2025-01-06 09:37:11,AAPL,103.9404,103.9461,7973
2025-01-06 09:37:12,AAPL,103.9375,103.9495,8245
2025-01-06 09:37:13,AAPL,103.9499,103.9569,1138
2025-01-06 09:37:14,AAPL,103.9593,103.9645,1248
2025-01-06 09:37:15,AAPL,103.9446,103.9522,5784
2025-01-06 09:37:16,AAPL,103.9194,103.9292,7860
2025-01-06 09:37:17,AAPL,103.9143,103.9241,6502
2025-01-06 09:37:18,AAPL,103.9069,103.9204,5905
2025-01-06 09:37:19,AAPL,103.9058,103.9201,3509
2025-01-06 09:37:20,AAPL,103.8963,103.9041,624
2025-01-06 09:37:21,AAPL,103.892,103.9062,9048
2025-01-06 09:37:22,AAPL,103.8725,103.8807,1477
2025-01-06 09:37:23,AAPL,103.8794,103.8924,3192
2025-01-06 09:37:24,AAPL,103.8794,103.8874,6591
2025-01-06 09:37:25,AAPL,103.8756,103.8825,7803
2025-01-06 09:37:26,AAPL,103.8298,103.849,1389
2025-01-06 09:37:27,AAPL,103.8196,103.8269,215
2025-01-06 09:37:28,AAPL,103.814,103.8245,6710
2025-01-06 09:37:29,AAPL,103.8216,103.8367,2102
2025-01-06 09:37:30,AAPL,103.8423,103.8509,5800
2025-01-06 09:37:31,AAPL,103.849,103.8646,8220
2025-01-06 09:37:32,AAPL,103.8639,103.8997,5713
2025-01-06 09:37:33,AAPL,103.9068,103.9127,7014
2025-01-06 09:37:34,AAPL,103.8726,103.8964,497
2025-01-06 09:37:35,AAPL,103.8618,103.8762,2295
2025-01-06 09:37:36,AAPL,103.8649,103.8743,8339
2025-01-06 09:37:37,AAPL,103.9227,103.9387,6439
2025-01-06 09:37:38,AAPL,103.8959,103.9061,8203
2025-01-06 09:37:39,AAPL,103.9076,103.9247,8043
2025-01-06 09:37:40,AAPL,103.8943,103.9183,8563
2025-01-06 09:37:41,AAPL,103.892,103.8988,4981
2025-01-06 09:37:42,AAPL,103.876,103.8997,4320
2025-01-06 09:37:43,AAPL,103.8796,103.8875,3291
2025-01-06 09:37:44,AAPL,103.8838,103.8897,5436
2025-01-06 09:37:45,AAPL,103.8337,103.8441,5539
2025-01-06 09:37:46,AAPL,103.833,103.8506,6475
2025-01-06 09:37:47,AAPL,103.7985,103.8053,1871
2025-01-06 09:37:48,AAPL,103.7955,103.8095,8088
2025-01-06 09:37:49,AAPL,103.8011,103.8073,6255
2025-01-06 09:37:50,AAPL,103.8076,103.8159,2382
2025-01-06 09:37:51,AAPL,103.7758,103.7905,837
2025-01-06 09:37:52,AAPL,103.7873,103.8007,1741
2025-01-06 09:37:53,AAPL,103.7985,103.8168,8896
2025-01-06 09:37:54,AAPL,103.8049,103.8258,521
2025-01-06 09:37:55,AAPL,103.8086,103.8245,57
2025-01-06 09:37:56,AAPL,103.7924,103.8127,2684
2025-01-06 09:37:57,AAPL,103.8336,103.8498,8496
2025-01-06 09:37:58,AAPL,103.8205,103.8363,6653
2025-01-06 09:37:59,AAPL,103.7858,103.795,5734
2025-01-06 09:38:00,AAPL,103.8049,103.812,2275
2025-01-06 09:38:01,AAPL,103.8082,103.8193,2820
2025-01-06 09:38:02,AAPL,103.8041,103.816,2057
2025-01-06 09:38:03,AAPL,103.7937,103.8067,5856
2025-01-06 09:38:04,AAPL,103.7999,103.8219,4025
2025-01-06 09:38:05,AAPL,103.8192,103.8264,4767
2025-01-06 09:38:06,AAPL,103.834,103.8392,1138
2025-01-06 09:38:07,AAPL,103.8548,103.8629,254
2025-01-06 09:38:08,AAPL,103.8391,103.8585,2102
2025-01-06 09:38:09,AAPL,103.8084,103.8333,8530
2025-01-06 09:38:10,AAPL,103.8106,103.8284,4091
2025-01-06 09:38:11,AAPL,103.8237,103.8355,6697
2025-01-06 09:38:12,AAPL,103.8209,103.8422,6570
2025-01-06 09:38:13,AAPL,103.7902,103.813,4990
2025-01-06 09:38:14,AAPL,103.7738,103.7806,3570
2025-01-06 09:38:15,AAPL,103.798,103.8052,9506
2025-01-06 09:38:16,AAPL,103.814,103.8239,5841
2025-01-06 09:38:17,AAPL,103.8202,103.8316,2494
2025-01-06 09:38:18,AAPL,103.8259,103.8405,9849
2025-01-06 09:38:19,AAPL,103.8436,103.852,7946
2025-01-06 09:38:20,AAPL,103.8705,103.8822,8269
2025-01-06 09:38:21,AAPL,103.8432,103.8632,2921
2025-01-06 09:38:22,AAPL,103.8406,103.8525,114
2025-01-06 09:38:23,AAPL,103.8327,103.8449,8444
2025-01-06 09:38:24,AAPL,103.833,103.8386,2910
2025-01-06 09:38:25,AAPL,103.8592,103.8686,3430
2025-01-06 09:38:26,AAPL,103.8184,103.8281,5323
2025-01-06 09:38:27,AAPL,103.7792,103.7869,2626
2025-01-06 09:38:28,AAPL,103.81,103.82,9673
2025-01-06 09:38:29,AAPL,103.821,103.8304,654
2025-01-06 09:38:30,AAPL,103.8225,103.837,1083
2025-01-06 09:38:31,AAPL,103.8065,103.813,1986
2025-01-06 09:38:32,AAPL,103.7821,103.7953,4240
2025-01-06 09:38:33,AAPL,103.7901,103.8021,1964
2025-01-06 09:38:34,AAPL,103.775,103.788,8761
2025-01-06 09:38:35,AAPL,103.7799,103.8099,6045
2025-01-06 09:38:36,AAPL,103.7779,103.7897,4262
2025-01-06 09:38:37,AAPL,103.751,103.7689,1584
2025-01-06 09:38:38,AAPL,103.7454,103.7561,7333
2025-01-06 09:38:39,AAPL,103.7474,103.7616,3786
2025-01-06 09:38:40,AAPL,103.7657,103.7783,4319
2025-01-06 09:38:41,AAPL,103.7681,103.7802,5140
2025-01-06 09:38:42,AAPL,103.727,103.7371,6177
2025-01-06 09:38:43,AAPL,103.715,103.729,4694
2025-01-06 09:38:44,AAPL,103.6964,103.7023,9835
2025-01-06 09:38:45,AAPL,103.6745,103.7001,620
2025-01-06 09:38:46,AAPL,103.6934,103.7083,4140
2025-01-06 09:38:47,AAPL,103.6677,103.6772,4787
2025-01-06 09:38:48,AAPL,103.633,103.6498,9545
2025-01-06 09:38:49,AAPL,103.6453,103.6544,4025
2025-01-06 09:38:50,AAPL,103.6565,103.6763,7610
2025-01-06 09:38:51,AAPL,103.6701,103.6859,2550
2025-01-06 09:38:52,AAPL,103.6698,103.6993,1849
2025-01-06 09:38:53,AAPL,103.6463,103.6584,4662
2025-01-06 09:38:54,AAPL,103.6254,103.6415,5214
2025-01-06 09:38:55,AAPL,103.6261,103.6312,9755
2025-01-06 09:38:56,AAPL,103.636,103.6527,7607
2025-01-06 09:38:57,AAPL,103.6363,103.6439,5384
2025-01-06 09:38:58,AAPL,103.6572,103.6677,108
2025-01-06 09:38:59,AAPL,103.6824,103.6923,8530
2025-01-06 09:39:00,AAPL,103.6816,103.6935,4528
2025-01-06 09:39:01,AAPL,103.6693,103.685,3171
2025-01-06 09:39:02,AAPL,103.7221,103.732,4439
2025-01-06 09:39:03,AAPL,103.7263,103.7351,4860
2025-01-06 09:39:04,AAPL,103.6669,103.6872,6666
2025-01-06 09:39:05,AAPL,103.6705,103.6946,3857
2025-01-06 09:39:06,AAPL,103.6708,103.6814,2814
2025-01-06 09:39:07,AAPL,103.7054,103.7121,2059
2025-01-06 09:39:08,AAPL,103.7004,103.7096,7428
2025-01-06 09:39:09,AAPL,103.7343,103.7494,6503
2025-01-06 09:39:10,AAPL,103.751,103.7763,1125
2025-01-06 09:39:11,AAPL,103.7439,103.7718,6412
2025-01-06 09:39:12,AAPL,103.7402,103.7536,203
2025-01-06 09:39:13,AAPL,103.7514,103.7573,882
2025-01-06 09:39:14,AAPL,103.7275,103.7364,1944
2025-01-06 09:39:15,AAPL,103.7317,103.7409,6408
2025-01-06 09:39:16,AAPL,103.7268,103.7398,4996
2025-01-06 09:39:17,AAPL,103.6946,103.7028,3304
2025-01-06 09:39:18,AAPL,103.6827,103.7019,4455
2025-01-06 09:39:19,AAPL,103.683,103.6999,2845
2025-01-06 09:39:20,AAPL,103.6707,103.6834,415
2025-01-06 09:39:21,AAPL,103.6796,103.6886,9881
2025-01-06 09:39:22,AAPL,103.6823,103.6884,4199
2025-01-06 09:39:23,AAPL,103.6733,103.6908,2863
2025-01-06 09:39:24,AAPL,103.6619,103.6697,3147
2025-01-06 09:39:25,AAPL,103.6752,103.6931,9517
2025-01-06 09:39:26,AAPL,103.6659,103.6807,6872
2025-01-06 09:39:27,AAPL,103.6406,103.6464,5219
2025-01-06 09:39:28,AAPL,103.6622,103.6858,4490
2025-01-06 09:39:29,AAPL,103.6404,103.6605,5914
2025-01-06 09:39:30,AAPL,103.608,103.6185,2820
2025-01-06 09:39:31,AAPL,103.618,103.6316,6104
2025-01-06 09:39:32,AAPL,103.6289,103.639,8862
2025-01-06 09:39:33,AAPL,103.6062,103.6287,7333
2025-01-06 09:39:34,AAPL,103.6265,103.6356,2626
2025-01-06 09:39:35,AAPL,103.646,103.6636,9720
2025-01-06 09:39:36,AAPL,103.5991,103.6258,6074
2025-01-06 09:39:37,AAPL,103.5736,103.5899,6277
2025-01-06 09:39:38,AAPL,103.5787,103.5866,2302
2025-01-06 09:39:39,AAPL,103.5605,103.571,3860
2025-01-06 09:39:40,AAPL,103.5274,103.5432,576
2025-01-06 09:39:41,AAPL,103.5649,103.5752,8483
2025-01-06 09:39:42,AAPL,103.5516,103.5602,6618
2025-01-06 09:39:43,AAPL,103.5373,103.5518,6568
2025-01-06 09:39:44,AAPL,103.5007,103.5357,9647
2025-01-06 09:39:45,AAPL,103.5288,103.5389,1427
2025-01-06 09:39:46,AAPL,103.5495,103.5577,310
2025-01-06 09:39:47,AAPL,103.5572,103.5672,9901
2025-01-06 09:39:48,AAPL,103.5343,103.5431,51
2025-01-06 09:39:49,AAPL,103.5423,103.5606,2169
2025-01-06 09:39:50,AAPL,103.5329,103.54,2135
2025-01-06 09:39:51,AAPL,103.53,103.5458,1493
2025-01-06 09:39:52,AAPL,103.5088,103.531,2108
2025-01-06 09:39:53,AAPL,103.5119,103.5221,5372
2025-01-06 09:39:54,AAPL,103.4765,103.5029,6363
2025-01-06 09:39:55,AAPL,103.5013,103.5232,916
2025-01-06 09:39:56,AAPL,103.5146,103.5263,1808
2025-01-06 09:39:57,AAPL,103.4681,103.4898,4383
2025-01-06 09:39:58,AAPL,103.4579,103.4738,598
2025-01-06 09:39:59,AAPL,103.4659,103.4785,5386
2025-01-06 09:40:00,AAPL,103.4202,103.4334,4070
2025-01-06 09:40:01,AAPL,103.3995,103.4082,4543
2025-01-06 09:40:02,AAPL,103.4,103.4077,7596
2025-01-06 09:40:03,AAPL,103.4005,103.4098,3700
2025-01-06 09:40:04,AAPL,103.4188,103.4309,4376
2025-01-06 09:40:05,AAPL,103.43,103.4372,4438
2025-01-06 09:40:06,AAPL,103.4319,103.453,1103
2025-01-06 09:40:07,AAPL,103.4429,103.4659,705
2025-01-06 09:40:08,AAPL,103.4481,103.472,8810
2025-01-06 09:40:09,AAPL,103.469,103.4769,3932
2025-01-06 09:40:10,AAPL,103.4437,103.4652,8624
2025-01-06 09:40:11,AAPL,103.4377,103.4433,4061
2025-01-06 09:40:12,AAPL,103.4399,103.4542,289
2025-01-06 09:40:13,AAPL,103.4121,103.418,5749
2025-01-06 09:40:14,AAPL,103.3903,103.4027,6129
2025-01-06 09:40:15,AAPL,103.3692,103.3884,3146
2025-01-06 09:40:16,AAPL,103.402,103.4085,2014
2025-01-06 09:40:17,AAPL,103.4062,103.4154,1703
2025-01-06 09:40:18,AAPL,103.3876,103.3948,6911
2025-01-06 09:40:19,AAPL,103.4039,103.4199,2710
2025-01-06 09:40:20,AAPL,103.3922,103.4017,391
2025-01-06 09:40:21,AAPL,103.401,103.4099,9660
2025-01-06 09:40:22,AAPL,103.3911,103.4047,6915
2025-01-06 09:40:23,AAPL,103.3723,103.3842,397
2025-01-06 09:40:24,AAPL,103.3562,103.3693,1855
2025-01-06 09:40:25,AAPL,103.3406,103.3551,6176
2025-01-06 09:40:26,AAPL,103.3103,103.3208,6889
2025-01-06 09:40:27,AAPL,103.3012,103.3081,8020
2025-01-06 09:40:28,AAPL,103.287,103.3038,9432
2025-01-06 09:40:29,AAPL,103.319,103.3278,9848
2025-01-06 09:40:30,AAPL,103.2694,103.2962,6366
2025-01-06 09:40:31,AAPL,103.2738,103.2916,8016
2025-01-06 09:40:32,AAPL,103.2554,103.2736,5870
2025-01-06 09:40:33,AAPL,103.2563,103.2645,6396
2025-01-06 09:40:34,AAPL,103.2746,103.2797,3747
2025-01-06 09:40:35,AAPL,103.2989,103.3089,8993
2025-01-06 09:40:36,AAPL,103.2807,103.297,3358
2025-01-06 09:40:37,AAPL,103.2639,103.2711,573
2025-01-06 09:40:38,AAPL,103.2135,103.2269,5856
2025-01-06 09:40:39,AAPL,103.2048,103.2112,2150
2025-01-06 09:40:40,AAPL,103.1827,103.1882,8263
2025-01-06 09:40:41,AAPL,103.1697,103.1927,9413
2025-01-06 09:40:42,AAPL,103.1405,103.1689,3778
2025-01-06 09:40:43,AAPL,103.1669,103.1723,1889
2025-01-06 09:40:44,AAPL,103.1419,103.1527,3736
2025-01-06 09:40:45,AAPL,103.1579,103.1642,1390
2025-01-06 09:40:46,AAPL,103.1714,103.182,3719
2025-01-06 09:40:47,AAPL,103.1713,103.2039,1181
2025-01-06 09:40:48,AAPL,103.1605,103.1705,5623
2025-01-06 09:40:49,AAPL,103.1427,103.1492,7192
2025-01-06 09:40:50,AAPL,103.1449,103.1602,3187
2025-01-06 09:40:51,AAPL,103.1499,103.1691,2831
2025-01-06 09:40:52,AAPL,103.1425,103.1581,6294
2025-01-06 09:40:53,AAPL,103.1464,103.1608,3641
2025-01-06 09:40:54,AAPL,103.136,103.1454,5532
2025-01-06 09:40:55,AAPL,103.1555,103.1702,9655
2025-01-06 09:40:56,AAPL,103.1517,103.1586,3178
2025-01-06 09:40:57,AAPL,103.1501,103.1624,9495
2025-01-06 09:40:58,AAPL,103.1883,103.213,1458
2025-01-06 09:40:59,AAPL,103.1969,103.2148,5767
2025-01-06 09:41:00,AAPL,103.2055,103.2143,9951
2025-01-06 09:41:01,AAPL,103.2081,103.2195,7370
2025-01-06 09:41:02,AAPL,103.2087,103.2314,1463
2025-01-06 09:41:03,AAPL,103.2312,103.2365,5509
2025-01-06 09:41:04,AAPL,103.2212,103.2396,6395
2025-01-06 09:41:05,AAPL,103.2031,103.2282,164
2025-01-06 09:41:06,AAPL,103.2175,103.2246,2324
2025-01-06 09:41:07,AAPL,103.1988,103.2059,9549
2025-01-06 09:41:08,AAPL,103.213,103.2227,3436
2025-01-06 09:41:09,AAPL,103.2042,103.2191,6123
2025-01-06 09:41:10,AAPL,103.207,103.2323,8623
2025-01-06 09:41:11,AAPL,103.2255,103.2373,6497
2025-01-06 09:41:12,AAPL,103.2534,103.2616,5812
2025-01-06 09:41:13,AAPL,103.2402,103.255,1342
2025-01-06 09:41:14,AAPL,103.2808,103.2949,9075
2025-01-06 09:41:15,AAPL,103.2673,103.2809,8588
2025-01-06 09:41:16,AAPL,103.2775,103.2854,9058
2025-01-06 09:41:17,AAPL,103.2749,103.2812,4611
2025-01-06 09:41:18,AAPL,103.234,103.2433,6932
2025-01-06 09:41:19,AAPL,103.237,103.2526,1253
2025-01-06 09:41:20,AAPL,103.2079,103.2359,4203
2025-01-06 09:41:21,AAPL,103.2293,103.2497,9287
2025-01-06 09:41:22,AAPL,103.2129,103.2213,8924
2025-01-06 09:41:23,AAPL,103.1818,103.189,1747
2025-01-06 09:41:24,AAPL,103.1904,103.2062,4017
2025-01-06 09:41:25,AAPL,103.2082,103.2355,178
2025-01-06 09:41:26,AAPL,103.1921,103.2116,3563
2025-01-06 09:41:27,AAPL,103.1806,103.1886,2301
2025-01-06 09:41:28,AAPL,103.1536,103.1671,4007
2025-01-06 09:41:29,AAPL,103.1498,103.1594,3683
2025-01-06 09:41:30,AAPL,103.1678,103.1841,126
2025-01-06 09:41:31,AAPL,103.1881,103.1973,3585
2025-01-06 09:41:32,AAPL,103.1638,103.1772,9669
2025-01-06 09:41:33,AAPL,103.1441,103.1523,4789
2025-01-06 09:41:34,AAPL,103.1376,103.1624,9393
2025-01-06 09:41:35,AAPL,103.1486,103.167,318
2025-01-06 09:41:36,AAPL,103.1252,103.1343,479
2025-01-06 09:41:37,AAPL,103.1163,103.1273,595
2025-01-06 09:41:38,AAPL,103.14,103.151,9078
2025-01-06 09:41:39,AAPL,103.1458,103.1543,4528
2025-01-06 09:41:40,AAPL,103.148,103.1691,8812
2025-01-06 09:41:41,AAPL,103.1236,103.1463,5168
2025-01-06 09:41:42,AAPL,103.1572,103.1734,6466
2025-01-06 09:41:43,AAPL,103.1822,103.1926,9529
2025-01-06 09:41:44,AAPL,103.1796,103.1856,769
2025-01-06 09:41:45,AAPL,103.1502,103.157,3952
2025-01-06 09:41:46,AAPL,103.1459,103.155,4725
2025-01-06 09:41:47,AAPL,103.161,103.1673,6183
2025-01-06 09:41:48,AAPL,103.1488,103.1597,4080
2025-01-06 09:41:49,AAPL,103.1768,103.1825,2216
2025-01-06 09:41:50,AAPL,103.1782,103.1948,3423
2025-01-06 09:41:51,AAPL,103.1421,103.1618,4597
2025-01-06 09:41:52,AAPL,103.1583,103.1667,9044
2025-01-06 09:41:53,AAPL,103.1283,103.1445,4006
2025-01-06 09:41:54,AAPL,103.1595,103.1668,4044
2025-01-06 09:41:55,AAPL,103.1411,103.1529,978
2025-01-06 09:41:56,AAPL,103.1484,103.1562,6129
2025-01-06 09:41:57,AAPL,103.1487,103.1588,6504
2025-01-06 09:41:58,AAPL,103.1616,103.18,2509
2025-01-06 09:41:59,AAPL,103.1689,103.1913,5975
2025-01-06 09:42:00,AAPL,103.1335,103.1418,4381
2025-01-06 09:42:01,AAPL,103.1057,103.1133,4472
2025-01-06 09:42:02,AAPL,103.1137,103.1315,3256
2025-01-06 09:42:03,AAPL,103.1045,103.1299,3255
2025-01-06 09:42:04,AAPL,103.1157,103.1396,3416
2025-01-06 09:42:05,AAPL,103.1549,103.1736,2183
2025-01-06 09:42:06,AAPL,103.1429,103.1569,7463
2025-01-06 09:42:07,AAPL,103.1509,103.1656,226
2025-01-06 09:42:08,AAPL,103.1478,103.1574,4654
2025-01-06 09:42:09,AAPL,103.126,103.1346,7092
2025-01-06 09:42:10,AAPL,103.1424,103.1538,3680
2025-01-06 09:42:11,AAPL,103.1284,103.1499,425
2025-01-06 09:42:12,AAPL,103.1868,103.1926,9020
2025-01-06 09:42:13,AAPL,103.1531,103.1632,7343
2025-01-06 09:42:14,AAPL,103.1783,103.19,5615
2025-01-06 09:42:15,AAPL,103.1206,103.128,680
2025-01-06 09:42:16,AAPL,103.0989,103.1168,1940
2025-01-06 09:42:17,AAPL,103.086,103.0972,7972
2025-01-06 09:42:18,AAPL,103.0762,103.0877,5751
2025-01-06 09:42:19,AAPL,103.0661,103.0767,2710
2025-01-06 09:42:20,AAPL,103.045,103.0611,6357
2025-01-06 09:42:21,AAPL,103.0556,103.0636,426
2025-01-06 09:42:22,AAPL,103.0616,103.0674,7015
2025-01-06 09:42:23,AAPL,103.0809,103.0897,5851
2025-01-06 09:42:24,AAPL,103.0692,103.0829,1357
2025-01-06 09:42:25,AAPL,103.0852,103.0994,7684
2025-01-06 09:42:26,AAPL,103.0857,103.0919,5066
2025-01-06 09:42:27,AAPL,103.1139,103.1274,191
2025-01-06 09:42:28,AAPL,103.1166,103.1224,5543
2025-01-06 09:42:29,AAPL,103.1079,103.1223,7500
2025-01-06 09:42:30,AAPL,103.078,103.11,6833
2025-01-06 09:42:31,AAPL,103.0692,103.0742,4830
2025-01-06 09:42:32,AAPL,103.0504,103.0628,8020
2025-01-06 09:42:33,AAPL,103.0458,103.0694,2539
2025-01-06 09:42:34,AAPL,103.1026,103.1155,174
2025-01-06 09:42:35,AAPL,103.0836,103.1003,4670
2025-01-06 09:42:36,AAPL,103.0917,103.1068,2368
2025-01-06 09:42:37,AAPL,103.1098,103.1182,2985
2025-01-06 09:42:38,AAPL,103.1139,103.1221,4863
2025-01-06 09:42:39,AAPL,103.094,103.1001,8282
2025-01-06 09:42:40,AAPL,103.1171,103.1221,3753
2025-01-06 09:42:41,AAPL,103.129,103.137,2741
2025-01-06 09:42:42,AAPL,103.1243,103.1314,360
2025-01-06 09:42:43,AAPL,103.0999,103.1078,669
2025-01-06 09:42:44,AAPL,103.1048,103.1177,6293
2025-01-06 09:42:45,AAPL,103.0939,103.1104,5451
2025-01-06 09:42:46,AAPL,103.1173,103.1391,5824
2025-01-06 09:42:47,AAPL,103.1246,103.1296,4576
2025-01-06 09:42:48,AAPL,103.0858,103.094,8265
2025-01-06 09:42:49,AAPL,103.0494,103.0714,6420
2025-01-06 09:42:50,AAPL,103.0812,103.0971,2122
2025-01-06 09:42:51,AAPL,103.0719,103.0939,9637
2025-01-06 09:42:52,AAPL,103.0735,103.0811,2703
2025-01-06 09:42:53,AAPL,103.0633,103.0865,5761
2025-01-06 09:42:54,AAPL,103.0782,103.1017,7649
2025-01-06 09:42:55,AAPL,103.0698,103.0755,6485
2025-01-06 09:42:56,AAPL,103.0583,103.079,5304
2025-01-06 09:42:57,AAPL,103.0438,103.056,9358
2025-01-06 09:42:58,AAPL,102.9902,103.0068,3445
2025-01-06 09:42:59,AAPL,102.994,103.0112,9292
2025-01-06 09:43:00,AAPL,103.0104,103.0224,2325
2025-01-06 09:43:01,AAPL,103.0227,103.0404,6908
2025-01-06 09:43:02,AAPL,103.0295,103.0404,7644
2025-01-06 09:43:03,AAPL,103.0189,103.0261,5840
2025-01-06 09:43:04,AAPL,103.0209,103.0286,248
2025-01-06 09:43:05,AAPL,103.0208,103.0357,4258
2025-01-06 09:43:06,AAPL,103.0381,103.0557,9904
2025-01-06 09:43:07,AAPL,103.0446,103.0534,220
2025-01-06 09:43:08,AAPL,103.0185,103.0239,1909
2025-01-06 09:43:09,AAPL,102.9967,103.0077,2887
2025-01-06 09:43:10,AAPL,102.9904,103.0072,4757
2025-01-06 09:43:11,AAPL,103.0187,103.0245,7567
2025-01-06 09:43:12,AAPL,103.0274,103.0412,7146
2025-01-06 09:43:13,AAPL,103.006,103.0145,532
2025-01-06 09:43:14,AAPL,102.9802,102.9877,884
2025-01-06 09:43:15,AAPL,102.9923,103.0051,4685
2025-01-06 09:43:16,AAPL,103.0052,103.0124,7020
2025-01-06 09:43:17,AAPL,102.9615,102.9706,6618
2025-01-06 09:43:18,AAPL,102.9443,102.9573,6093
2025-01-06 09:43:19,AAPL,102.9261,102.9416,7681
2025-01-06 09:43:20,AAPL,102.917,102.9291,8378
2025-01-06 09:43:21,AAPL,102.9512,102.9631,6666
2025-01-06 09:43:22,AAPL,102.9488,102.9566,2112
2025-01-06 09:43:23,AAPL,102.9747,102.9809,480
2025-01-06 09:43:24,AAPL,102.974,102.9996,7098
2025-01-06 09:43:25,AAPL,103.0038,103.0161,8333
2025-01-06 09:43:26,AAPL,102.9855,102.9946,9361
2025-01-06 09:43:27,AAPL,102.9819,102.9904,6295
2025-01-06 09:43:28,AAPL,102.9869,103.0054,8028
2025-01-06 09:43:29,AAPL,102.9915,103.0006,9468
2025-01-06 09:43:30,AAPL,102.9685,102.995,7132
2025-01-06 09:43:31,AAPL,102.937,102.9487,7815
2025-01-06 09:43:32,AAPL,102.9606,102.966,3652
2025-01-06 09:43:33,AAPL,102.9496,102.9601,2677
2025-01-06 09:43:34,AAPL,102.9368,102.9655,9745
2025-01-06 09:43:35,AAPL,102.9364,102.956,1992
2025-01-06 09:43:36,AAPL,102.8995,102.9073,3393
2025-01-06 09:43:37,AAPL,102.9047,102.9126,4337
2025-01-06 09:43:38,AAPL,102.9074,102.9173,2029
2025-01-06 09:43:39,AAPL,102.912,102.9334,6524
2025-01-06 09:43:40,AAPL,102.9069,102.9177,2268
2025-01-06 09:43:41,AAPL,102.912,102.9218,1572
2025-01-06 09:43:42,AAPL,102.9257,102.9345,8703
2025-01-06 09:43:43,AAPL,102.9142,102.9341,1589
2025-01-06 09:43:44,AAPL,102.9263,102.933,6330
2025-01-06 09:43:45,AAPL,102.9025,102.9165,9109
2025-01-06 09:43:46,AAPL,102.9156,102.9245,2710
2025-01-06 09:43:47,AAPL,102.9351,102.9448,8101
2025-01-06 09:43:48,AAPL,102.875,102.8888,1375
2025-01-06 09:43:49,AAPL,102.8965,102.9056,6959
2025-01-06 09:43:50,AAPL,102.8864,102.9014,3887
2025-01-06 09:43:51,AAPL,102.8652,102.8709,8859
2025-01-06 09:43:52,AAPL,102.8574,102.8667,5541
2025-01-06 09:43:53,AAPL,102.8731,102.883,5023
2025-01-06 09:43:54,AAPL,102.8755,102.8819,5702
2025-01-06 09:43:55,AAPL,102.8972,102.9041,7467
2025-01-06 09:43:56,AAPL,102.8629,102.8847,2689
2025-01-06 09:43:57,AAPL,102.864,102.8862,2030
2025-01-06 09:43:58,AAPL,102.8507,102.8605,3219
2025-01-06 09:43:59,AAPL,102.846,102.8769,2887
2025-01-06 09:44:00,AAPL,102.8689,102.8754,2577
2025-01-06 09:44:01,AAPL,102.8794,102.8845,4665
2025-01-06 09:44:02,AAPL,102.8447,102.8527,1270
2025-01-06 09:44:03,AAPL,102.8172,102.8606,5168
2025-01-06 09:44:04,AAPL,102.8341,102.8392,8254
2025-01-06 09:44:05,AAPL,102.8286,102.8409,8831
2025-01-06 09:44:06,AAPL,102.8238,102.8318,7382
2025-01-06 09:44:07,AAPL,102.8099,102.8365,4898
2025-01-06 09:44:08,AAPL,102.7964,102.82,775
2025-01-06 09:44:09,AAPL,102.7631,102.7711,1658
2025-01-06 09:44:10,AAPL,102.7499,102.7566,5016
2025-01-06 09:44:11,AAPL,102.7695,102.7835,1743
2025-01-06 09:44:12,AAPL,102.807,102.8125,650
2025-01-06 09:44:13,AAPL,102.77,102.7843,5888
2025-01-06 09:44:14,AAPL,102.7707,102.7846,6328
2025-01-06 09:44:15,AAPL,102.7745,102.789,5655
2025-01-06 09:44:16,AAPL,102.7824,102.7981,6518
2025-01-06 09:44:17,AAPL,102.7441,102.7546,8258
2025-01-06 09:44:18,AAPL,102.7504,102.7623,5410
2025-01-06 09:44:19,AAPL,102.7573,102.7668,8461
2025-01-06 09:44:20,AAPL,102.7494,102.7596,879
2025-01-06 09:44:21,AAPL,102.7445,102.7539,2802
2025-01-06 09:44:22,AAPL,102.7291,102.7414,2594
2025-01-06 09:44:23,AAPL,102.7596,102.772,8756
2025-01-06 09:44:24,AAPL,102.7169,102.7271,450
2025-01-06 09:44:25,AAPL,102.7325,102.7396,9569
2025-01-06 09:44:26,AAPL,102.7072,102.7307,4346
2025-01-06 09:44:27,AAPL,102.7503,102.7625,1721
2025-01-06 09:44:28,AAPL,102.7679,102.7857,4848
2025-01-06 09:44:29,AAPL,102.7658,102.787,7014
2025-01-06 09:44:30,AAPL,102.7455,102.7603,7875
2025-01-06 09:44:31,AAPL,102.7419,102.7503,9375
2025-01-06 09:44:32,AAPL,102.7207,102.7287,4816
2025-01-06 09:44:33,AAPL,102.7199,102.7342,6137
2025-01-06 09:44:34,AAPL,102.7051,102.714,9492
2025-01-06 09:44:35,AAPL,102.6998,102.7062,4942
2025-01-06 09:44:36,AAPL,102.6708,102.6792,8135
2025-01-06 09:44:37,AAPL,102.6856,102.7076,1916
2025-01-06 09:44:38,AAPL,102.7021,102.7092,5438
2025-01-06 09:44:39,AAPL,102.6881,102.707,4732
2025-01-06 09:44:40,AAPL,102.696,102.713,5706
2025-01-06 09:44:41,AAPL,102.7105,102.7315,4134
2025-01-06 09:44:42,AAPL,102.7152,102.739,4907
2025-01-06 09:44:43,AAPL,102.7428,102.7491,2464
2025-01-06 09:44:44,AAPL,102.7134,102.7353,3624
2025-01-06 09:44:45,AAPL,102.7097,102.7372,4091
2025-01-06 09:44:46,AAPL,102.7235,102.7391,2369
2025-01-06 09:44:47,AAPL,102.6951,102.7153,6263
2025-01-06 09:44:48,AAPL,102.7029,102.7082,2848
2025-01-06 09:44:49,AAPL,102.685,102.7005,121
2025-01-06 09:44:50,AAPL,102.6864,102.6917,8475
2025-01-06 09:44:51,AAPL,102.7051,102.7111,9726
2025-01-06 09:44:52,AAPL,102.7142,102.7239,1681
2025-01-06 09:44:53,AAPL,102.7238,102.7435,3790
2025-01-06 09:44:54,AAPL,102.7276,102.7412,9962
2025-01-06 09:44:55,AAPL,102.7067,102.7249,5198
2025-01-06 09:44:56,AAPL,102.6856,102.696,5246
2025-01-06 09:44:57,AAPL,102.7068,102.7119,2596
2025-01-06 09:44:58,AAPL,102.7027,102.7103,7999
2025-01-06 09:44:59,AAPL,102.7347,102.7421,9133
2025-01-06 09:45:00,AAPL,102.73,102.7472,870
2025-01-06 09:45:01,AAPL,102.7266,102.7389,3527
2025-01-06 09:45:02,AAPL,102.7333,102.747,2780
2025-01-06 09:45:03,AAPL,102.7568,102.7693,2006
2025-01-06 09:45:04,AAPL,102.7196,102.7321,5624
2025-01-06 09:45:05,AAPL,102.6972,102.708,8251
2025-01-06 09:45:06,AAPL,102.6691,102.6787,8689
2025-01-06 09:45:07,AAPL,102.7056,102.7139,6092
2025-01-06 09:45:08,AAPL,102.6943,102.7028,8318
2025-01-06 09:45:09,AAPL,102.6804,102.688,2459
2025-01-06 09:45:10,AAPL,102.672,102.677,5742
2025-01-06 09:45:11,AAPL,102.6802,102.6934,5230
2025-01-06 09:45:12,AAPL,102.7015,102.713,2132
2025-01-06 09:45:13,AAPL,102.6958,102.7036,3642
2025-01-06 09:45:14,AAPL,102.6833,102.6899,693
2025-01-06 09:45:15,AAPL,102.6574,102.6665,8791
2025-01-06 09:45:16,AAPL,102.6495,102.6607,4641
2025-01-06 09:45:17,AAPL,102.6556,102.6696,3740
2025-01-06 09:45:18,AAPL,102.6635,102.6689,2196
2025-01-06 09:45:19,AAPL,102.693,102.7067,8875
2025-01-06 09:45:20,AAPL,102.6815,102.7004,2639
2025-01-06 09:45:21,AAPL,102.6439,102.6603,2135
2025-01-06 09:45:22,AAPL,102.6444,102.6533,7496
2025-01-06 09:45:23,AAPL,102.6438,102.6513,5110
2025-01-06 09:45:24,AAPL,102.6351,102.6539,8098
2025-01-06 09:45:25,AAPL,102.6053,102.6205,3624
2025-01-06 09:45:26,AAPL,102.5811,102.5948,3501
2025-01-06 09:45:27,AAPL,102.562,102.5703,5082
2025-01-06 09:45:28,AAPL,102.5969,102.6044,2910
2025-01-06 09:45:29,AAPL,102.596,102.6127,8536
2025-01-06 09:45:30,AAPL,102.5933,102.6046,9031
2025-01-06 09:45:31,AAPL,102.6257,102.6342,3355
2025-01-06 09:45:32,AAPL,102.628,102.6478,9500
2025-01-06 09:45:33,AAPL,102.6233,102.6294,8000
2025-01-06 09:45:34,AAPL,102.6339,102.6431,1543
2025-01-06 09:45:35,AAPL,102.639,102.6494,3104
2025-01-06 09:45:36,AAPL,102.6512,102.661,6540
2025-01-06 09:45:37,AAPL,102.6257,102.6508,6022
2025-01-06 09:45:38,AAPL,102.6407,102.6521,718
2025-01-06 09:45:39,AAPL,102.6537,102.6603,7837
2025-01-06 09:45:40,AAPL,102.6678,102.673,2370
2025-01-06 09:45:41,AAPL,102.6276,102.6396,2627
2025-01-06 09:45:42,AAPL,102.6365,102.6421,206
2025-01-06 09:45:43,AAPL,102.6119,102.6192,9186
2025-01-06 09:45:44,AAPL,102.6216,102.6296,7674
2025-01-06 09:45:45,AAPL,102.6491,102.6666,537
2025-01-06 09:45:46,AAPL,102.6513,102.6612,464
2025-01-06 09:45:47,AAPL,102.6202,102.6429,5959
2025-01-06 09:45:48,AAPL,102.6256,102.6483,7346
2025-01-06 09:45:49,AAPL,102.6252,102.6305,546
2025-01-06 09:45:50,AAPL,102.6323,102.6557,4607
2025-01-06 09:45:51,AAPL,102.6226,102.6411,4730
2025-01-06 09:45:52,AAPL,102.612,102.6229,4132
2025-01-06 09:45:53,AAPL,102.5881,102.5982,7334
2025-01-06 09:45:54,AAPL,102.6015,102.6093,312
2025-01-06 09:45:55,AAPL,102.5915,102.604,2353
2025-01-06 09:45:56,AAPL,102.6028,102.6083,9366
2025-01-06 09:45:57,AAPL,102.6258,102.6325,3608
2025-01-06 09:45:58,AAPL,102.5973,102.6143,2406
2025-01-06 09:45:59,AAPL,102.6034,102.6215,3834
2025-01-06 09:46:00,AAPL,102.5854,102.5963,4685
2025-01-06 09:46:01,AAPL,102.5965,102.608,8503
2025-01-06 09:46:02,AAPL,102.5805,102.5948,5206
2025-01-06 09:46:03,AAPL,102.5807,102.5927,5716
2025-01-06 09:46:04,AAPL,102.6101,102.6242,4542
2025-01-06 09:46:05,AAPL,102.6134,102.6316,6254
2025-01-06 09:46:06,AAPL,102.6457,102.6537,349
2025-01-06 09:46:07,AAPL,102.6005,102.6079,8128
2025-01-06 09:46:08,AAPL,102.5707,102.5883,1745
2025-01-06 09:46:09,AAPL,102.5935,102.5992,6148
2025-01-06 09:46:10,AAPL,102.6258,102.6349,2615
2025-01-06 09:46:11,AAPL,102.6099,102.6243,6846
2025-01-06 09:46:12,AAPL,102.6169,102.6251,4446
2025-01-06 09:46:13,AAPL,102.6255,102.6306,317
2025-01-06 09:46:14,AAPL,102.6429,102.6499,2994
2025-01-06 09:46:15,AAPL,102.6478,102.6528,4726
2025-01-06 09:46:16,AAPL,102.6686,102.6866,3897
2025-01-06 09:46:17,AAPL,102.6892,102.7089,391
2025-01-06 09:46:18,AAPL,102.7274,102.7356,5615
2025-01-06 09:46:19,AAPL,102.7263,102.7348,351
2025-01-06 09:46:20,AAPL,102.7596,102.7742,7611
2025-01-06 09:46:21,AAPL,102.7834,102.794,1552
2025-01-06 09:46:22,AAPL,102.7576,102.7716,3981
2025-01-06 09:46:23,AAPL,102.7697,102.7748,530
2025-01-06 09:46:24,AAPL,102.7665,102.7784,7483
2025-01-06 09:46:25,AAPL,102.7908,102.8056,5215
2025-01-06 09:46:26,AAPL,102.834,102.8409,1679
2025-01-06 09:46:27,AAPL,102.8235,102.8357,4312
2025-01-06 09:46:28,AAPL,102.8469,102.8542,9760
2025-01-06 09:46:29,AAPL,102.8252,102.836,1100
2025-01-06 09:46:30,AAPL,102.8081,102.8136,5823
2025-01-06 09:46:31,AAPL,102.824,102.8379,7361
2025-01-06 09:46:32,AAPL,102.8215,102.8305,7629
2025-01-06 09:46:33,AAPL,102.8028,102.8121,1958
2025-01-06 09:46:34,AAPL,102.789,102.8073,6986
2025-01-06 09:46:35,AAPL,102.74,102.7641,3926
2025-01-06 09:46:36,AAPL,102.7352,102.743,1004
2025-01-06 09:46:37,AAPL,102.7617,102.7669,7653
2025-01-06 09:46:38,AAPL,102.7723,102.7849,3287
2025-01-06 09:46:39,AAPL,102.7521,102.7662,1155
2025-01-06 09:46:40,AAPL,102.7793,102.7933,314
2025-01-06 09:46:41,AAPL,102.7806,102.7857,317
2025-01-06 09:46:42,AAPL,102.7638,102.7931,6823
2025-01-06 09:46:43,AAPL,102.7441,102.7612,2893
2025-01-06 09:46:44,AAPL,102.7364,102.7477,1875
2025-01-06 09:46:45,AAPL,102.7201,102.7337,6716
2025-01-06 09:46:46,AAPL,102.7181,102.7265,137
2025-01-06 09:46:47,AAPL,102.7017,102.7183,1306
2025-01-06 09:46:48,AAPL,102.7292,102.7362,9629
2025-01-06 09:46:49,AAPL,102.7508,102.7638,669
2025-01-06 09:46:50,AAPL,102.7779,102.79,7068
2025-01-06 09:46:51,AAPL,102.7579,102.7716,4182
2025-01-06 09:46:52,AAPL,102.7769,102.784,5195
2025-01-06 09:46:53,AAPL,102.7631,102.7846,2692
2025-01-06 09:46:54,AAPL,102.77,102.7807,7423
2025-01-06 09:46:55,AAPL,102.7411,102.7518,9043
2025-01-06 09:46:56,AAPL,102.7441,102.7496,8776
2025-01-06 09:46:57,AAPL,102.7293,102.7497,5399
2025-01-06 09:46:58,AAPL,102.7316,102.7384,7932
2025-01-06 09:46:59,AAPL,102.7349,102.7449,1016
2025-01-06 09:47:00,AAPL,102.7237,102.7291,7725
2025-01-06 09:47:01,AAPL,102.7272,102.7342,6379
2025-01-06 09:47:02,AAPL,102.7209,102.7344,7335
2025-01-06 09:47:03,AAPL,102.69,102.6954,2552
2025-01-06 09:47:04,AAPL,102.7149,102.7304,6612
2025-01-06 09:47:05,AAPL,102.73,102.739,8814
2025-01-06 09:47:06,AAPL,102.7414,102.7517,5608
2025-01-06 09:47:07,AAPL,102.7653,102.7891,5605
2025-01-06 09:47:08,AAPL,102.7579,102.7668,1857
2025-01-06 09:47:09,AAPL,102.7119,102.7281,1093
2025-01-06 09:47:10,AAPL,102.7094,102.7186,7232
2025-01-06 09:47:11,AAPL,102.7128,102.7371,6230
2025-01-06 09:47:12,AAPL,102.706,102.7232,2207
2025-01-06 09:47:13,AAPL,102.7074,102.7279,5781
2025-01-06 09:47:14,AAPL,102.721,102.7302,7940
2025-01-06 09:47:15,AAPL,102.7176,102.7275,4194
2025-01-06 09:47:16,AAPL,102.738,102.7624,9061
2025-01-06 09:47:17,AAPL,102.7629,102.7694,3564
2025-01-06 09:47:18,AAPL,102.7533,102.7641,5654
2025-01-06 09:47:19,AAPL,102.7213,102.7377,221
2025-01-06 09:47:20,AAPL,102.7113,102.7191,7679
2025-01-06 09:47:21,AAPL,102.7068,102.7313,9514
2025-01-06 09:47:22,AAPL,102.7275,102.7457,1759
2025-01-06 09:47:23,AAPL,102.7535,102.7587,2009
2025-01-06 09:47:24,AAPL,102.7693,102.7875,3569
2025-01-06 09:47:25,AAPL,102.7822,102.7893,1276
2025-01-06 09:47:26,AAPL,102.7793,102.7987,7125
2025-01-06 09:47:27,AAPL,102.8089,102.8255,7015
2025-01-06 09:47:28,AAPL,102.8084,102.8279,8258
2025-01-06 09:47:29,AAPL,102.8233,102.8409,7108
2025-01-06 09:47:30,AAPL,102.8154,102.8387,4915
2025-01-06 09:47:31,AAPL,102.812,102.8225,5543
2025-01-06 09:47:32,AAPL,102.8068,102.8173,1283
2025-01-06 09:47:33,AAPL,102.8303,102.8392,2261
2025-01-06 09:47:34,AAPL,102.8087,102.8172,2766
2025-01-06 09:47:35,AAPL,102.8203,102.8324,1766
2025-01-06 09:47:36,AAPL,102.84,102.8455,3722
2025-01-06 09:47:37,AAPL,102.8394,102.852,9997
2025-01-06 09:47:38,AAPL,102.8266,102.8383,9793
2025-01-06 09:47:39,AAPL,102.8093,102.8205,848
2025-01-06 09:47:40,AAPL,102.8099,102.8182,522
2025-01-06 09:47:41,AAPL,102.7555,102.7804,3391
2025-01-06 09:47:42,AAPL,102.7616,102.7744,3764
2025-01-06 09:47:43,AAPL,102.762,102.7693,7392
2025-01-06 09:47:44,AAPL,102.7693,102.7786,7055
2025-01-06 09:47:45,AAPL,102.7706,102.7841,8933
2025-01-06 09:47:46,AAPL,102.8221,102.8408,7789
2025-01-06 09:47:47,AAPL,102.8331,102.8427,5675
2025-01-06 09:47:48,AAPL,102.8181,102.8244,2671
2025-01-06 09:47:49,AAPL,102.8197,102.8311,7927
2025-01-06 09:47:50,AAPL,102.7817,102.7938,4944
2025-01-06 09:47:51,AAPL,102.7868,102.7945,3978
2025-01-06 09:47:52,AAPL,102.8145,102.8303,871
2025-01-06 09:47:53,AAPL,102.8628,102.8858,2665
2025-01-06 09:47:54,AAPL,102.8854,102.8989,8273
2025-01-06 09:47:55,AAPL,102.8979,102.9044,5174
2025-01-06 09:47:56,AAPL,102.9022,102.9082,4037
2025-01-06 09:47:57,AAPL,102.8997,102.9085,1635
2025-01-06 09:47:58,AAPL,102.9031,102.9179,5523
2025-01-06 09:47:59,AAPL,102.8949,102.909,4583
2025-01-06 09:48:00,AAPL,102.9106,102.9162,9275
2025-01-06 09:48:01,AAPL,102.9015,102.9214,7427
2025-01-06 09:48:02,AAPL,102.9021,102.9084,3714
2025-01-06 09:48:03,AAPL,102.872,102.8889,5245
2025-01-06 09:48:04,AAPL,102.8718,102.89,1389
2025-01-06 09:48:05,AAPL,102.9072,102.913,8236
2025-01-06 09:48:06,AAPL,102.896,102.9138,257
2025-01-06 09:48:07,AAPL,102.9144,102.9306,9773
2025-01-06 09:48:08,AAPL,102.8875,102.8991,6228
2025-01-06 09:48:09,AAPL,102.8746,102.8812,3861
2025-01-06 09:48:10,AAPL,102.8819,102.8948,9969
2025-01-06 09:48:11,AAPL,102.8449,102.8532,6573
2025-01-06 09:48:12,AAPL,102.8473,102.8612,2179
2025-01-06 09:48:13,AAPL,102.8505,102.8732,4777
2025-01-06 09:48:14,AAPL,102.8445,102.8632,4492
2025-01-06 09:48:15,AAPL,102.7901,102.8012,7715
2025-01-06 09:48:16,AAPL,102.7466,102.7622,1303
2025-01-06 09:48:17,AAPL,102.7915,102.8135,7280
2025-01-06 09:48:18,AAPL,102.7789,102.8009,6041
2025-01-06 09:48:19,AAPL,102.748,102.7591,9076
2025-01-06 09:48:20,AAPL,102.7155,102.7251,170
2025-01-06 09:48:21,AAPL,102.6995,102.7102,6299
2025-01-06 09:48:22,AAPL,102.6529,102.6666,6758
2025-01-06 09:48:23,AAPL,102.6605,102.672,5183
2025-01-06 09:48:24,AAPL,102.6618,102.6705,1870
2025-01-06 09:48:25,AAPL,102.6171,102.6278,329
2025-01-06 09:48:26,AAPL,102.629,102.6397,7474
2025-01-06 09:48:27,AAPL,102.6215,102.642,8191
2025-01-06 09:48:28,AAPL,102.6628,102.6776,4881
2025-01-06 09:48:29,AAPL,102.6713,102.6818,7588
2025-01-06 09:48:30,AAPL,102.6601,102.6726,3471
2025-01-06 09:48:31,AAPL,102.6421,102.6735,5353
2025-01-06 09:48:32,AAPL,102.6227,102.6432,2656
2025-01-06 09:48:33,AAPL,102.6342,102.6458,8686
2025-01-06 09:48:34,AAPL,102.6515,102.659,2275
2025-01-06 09:48:35,AAPL,102.6566,102.6731,1118
2025-01-06 09:48:36,AAPL,102.6223,102.6297,7964
2025-01-06 09:48:37,AAPL,102.6527,102.6591,6233
2025-01-06 09:48:38,AAPL,102.6347,102.6511,210
2025-01-06 09:48:39,AAPL,102.6351,102.6407,901
2025-01-06 09:48:40,AAPL,102.6726,102.6805,1375
2025-01-06 09:48:41,AAPL,102.6731,102.6851,4940
2025-01-06 09:48:42,AAPL,102.7133,102.7265,3266
2025-01-06 09:48:43,AAPL,102.6908,102.7052,9598
2025-01-06 09:48:44,AAPL,102.6761,102.6935,6257
2025-01-06 09:48:45,AAPL,102.6973,102.7259,2993
2025-01-06 09:48:46,AAPL,102.6943,102.7213,2037
2025-01-06 09:48:47,AAPL,102.6917,102.6974,2480
2025-01-06 09:48:48,AAPL,102.7038,102.7173,822
2025-01-06 09:48:49,AAPL,102.6988,102.7242,7559
2025-01-06 09:48:50,AAPL,102.6714,102.6829,6800
2025-01-06 09:48:51,AAPL,102.6711,102.6772,5236
2025-01-06 09:48:52,AAPL,102.6566,102.6692,3587
2025-01-06 09:48:53,AAPL,102.6304,102.6443,879
2025-01-06 09:48:54,AAPL,102.6007,102.6114,5857
2025-01-06 09:48:55,AAPL,102.5652,102.5767,8550
2025-01-06 09:48:56,AAPL,102.5637,102.5812,5805
2025-01-06 09:48:57,AAPL,102.5771,102.6002,9080
2025-01-06 09:48:58,AAPL,102.5992,102.6084,4163
2025-01-06 09:48:59,AAPL,102.6045,102.6155,6284
2025-01-06 09:49:00,AAPL,102.6106,102.6306,4490
2025-01-06 09:49:01,AAPL,102.6321,102.6437,5548
2025-01-06 09:49:02,AAPL,102.645,102.6503,2113
2025-01-06 09:49:03,AAPL,102.6503,102.6698,6725
2025-01-06 09:49:04,AAPL,102.6603,102.6885,3466
2025-01-06 09:49:05,AAPL,102.6547,102.6614,8447
2025-01-06 09:49:06,AAPL,102.6562,102.6679,6382
2025-01-06 09:49:07,AAPL,102.6761,102.686,4613
2025-01-06 09:49:08,AAPL,102.6954,102.7157,6872
2025-01-06 09:49:09,AAPL,102.6985,102.7095,5550
2025-01-06 09:49:10,AAPL,102.6713,102.6824,7065
2025-01-06 09:49:11,AAPL,102.6549,102.67,3696
2025-01-06 09:49:12,AAPL,102.6616,102.6782,6622
2025-01-06 09:49:13,AAPL,102.6633,102.6885,3076
2025-01-06 09:49:14,AAPL,102.6755,102.6846,1429
2025-01-06 09:49:15,AAPL,102.6606,102.6733,5444
2025-01-06 09:49:16,AAPL,102.6513,102.6731,5595
2025-01-06 09:49:17,AAPL,102.6388,102.6491,8153
2025-01-06 09:49:18,AAPL,102.6556,102.6632,3846
2025-01-06 09:49:19,AAPL,102.6664,102.6766,1540
2025-01-06 09:49:20,AAPL,102.667,102.6811,7869
2025-01-06 09:49:21,AAPL,102.671,102.6916,6403
2025-01-06 09:49:22,AAPL,102.6381,102.6516,4688
2025-01-06 09:49:23,AAPL,102.6214,102.6425,7514
2025-01-06 09:49:24,AAPL,102.6156,102.6338,7128
2025-01-06 09:49:25,AAPL,102.6135,102.6188,6864
2025-01-06 09:49:26,AAPL,102.601,102.6143,7154
2025-01-06 09:49:27,AAPL,102.618,102.6384,4035
2025-01-06 09:49:28,AAPL,102.6405,102.6523,1976
2025-01-06 09:49:29,AAPL,102.6662,102.6742,1650
2025-01-06 09:49:30,AAPL,102.6722,102.6856,3354
2025-01-06 09:49:31,AAPL,102.6763,102.6878,1166
2025-01-06 09:49:32,AAPL,102.6697,102.687,3276
2025-01-06 09:49:33,AAPL,102.6701,102.6849,7315
2025-01-06 09:49:34,AAPL,102.6555,102.677,7776
2025-01-06 09:49:35,AAPL,102.6683,102.6758,1121
2025-01-06 09:49:36,AAPL,102.6521,102.6631,2312
2025-01-06 09:49:37,AAPL,102.6947,102.707,4750
2025-01-06 09:49:38,AAPL,102.7204,102.7369,3259
2025-01-06 09:49:39,AAPL,102.7223,102.7295,982
2025-01-06 09:49:40,AAPL,102.7071,102.7214,6305
2025-01-06 09:49:41,AAPL,102.692,102.6984,570
2025-01-06 09:49:42,AAPL,102.6928,102.708,4978
2025-01-06 09:49:43,AAPL,102.6899,102.6992,4226
2025-01-06 09:49:44,AAPL,102.6848,102.6962,4445
2025-01-06 09:49:45,AAPL,102.6998,102.7081,187
2025-01-06 09:49:46,AAPL,102.6989,102.7052,9994
2025-01-06 09:49:47,AAPL,102.6624,102.6801,3108
2025-01-06 09:49:48,AAPL,102.6602,102.6692,3922
2025-01-06 09:49:49,AAPL,102.6567,102.6734,7608
2025-01-06 09:49:50,AAPL,102.6428,102.6665,6984
2025-01-06 09:49:51,AAPL,102.6536,102.6596,6199
2025-01-06 09:49:52,AAPL,102.6715,102.6855,4094
2025-01-06 09:49:53,AAPL,102.6937,102.7039,7962
2025-01-06 09:49:54,AAPL,102.7147,102.7216,3675
2025-01-06 09:49:55,AAPL,102.7382,102.7464,5830
2025-01-06 09:49:56,AAPL,102.7149,102.7291,1262
2025-01-06 09:49:57,AAPL,102.7118,102.7253,699
2025-01-06 09:49:58,AAPL,102.727,102.7406,9552
2025-01-06 09:49:59,AAPL,102.7053,102.7109,2777
2025-01-06 09:50:00,AAPL,102.6973,102.715,9731
2025-01-06 09:50:01,AAPL,102.7064,102.7182,2100
2025-01-06 09:50:02,AAPL,102.7315,102.7426,75
2025-01-06 09:50:03,AAPL,102.7346,102.7481,6340
2025-01-06 09:50:04,AAPL,102.739,102.7626,2272
2025-01-06 09:50:05,AAPL,102.757,102.7631,8531
2025-01-06 09:50:06,AAPL,102.7291,102.7365,2472
2025-01-06 09:50:07,AAPL,102.7153,102.7362,6127
2025-01-06 09:50:08,AAPL,102.7169,102.7296,9545
2025-01-06 09:50:09,AAPL,102.7426,102.7498,4482
2025-01-06 09:50:10,AAPL,102.7378,102.7545,8458
2025-01-06 09:50:11,AAPL,102.712,102.7284,4713
2025-01-06 09:50:12,AAPL,102.7165,102.726,2186
2025-01-06 09:50:13,AAPL,102.7119,102.7188,824
2025-01-06 09:50:14,AAPL,102.6968,102.702,3258
2025-01-06 09:50:15,AAPL,102.7437,102.7543,7867
2025-01-06 09:50:16,AAPL,102.7688,102.7783,5767
2025-01-06 09:50:17,AAPL,102.7764,102.7872,8565
2025-01-06 09:50:18,AAPL,102.7939,102.8179,7467
2025-01-06 09:50:19,AAPL,102.7875,102.7939,2647
2025-01-06 09:50:20,AAPL,102.7601,102.7698,4023
2025-01-06 09:50:21,AAPL,102.7799,102.7884,4219
2025-01-06 09:50:22,AAPL,102.7953,102.8061,7707
2025-01-06 09:50:23,AAPL,102.7723,102.7806,8409
2025-01-06 09:50:24,AAPL,102.7641,102.7731,1430
2025-01-06 09:50:25,AAPL,102.7435,102.751,8732
2025-01-06 09:50:26,AAPL,102.699,102.7162,411
2025-01-06 09:50:27,AAPL,102.7053,102.7108,9389
2025-01-06 09:50:28,AAPL,102.7106,102.7164,5869
2025-01-06 09:50:29,AAPL,102.6856,102.6907,7951
2025-01-06 09:50:30,AAPL,102.6685,102.6907,1499
2025-01-06 09:50:31,AAPL,102.6856,102.694,5722
2025-01-06 09:50:32,AAPL,102.6553,102.6609,1503
2025-01-06 09:50:33,AAPL,102.6581,102.6707,9875
2025-01-06 09:50:34,AAPL,102.6518,102.6605,3527
2025-01-06 09:50:35,AAPL,102.6403,102.6527,9865
2025-01-06 09:50:36,AAPL,102.6212,102.6367,7254
2025-01-06 09:50:37,AAPL,102.6067,102.6201,9611
2025-01-06 09:50:38,AAPL,102.6387,102.6474,5916
2025-01-06 09:50:39,AAPL,102.621,102.6277,5897
2025-01-06 09:50:40,AAPL,102.654,102.6613,2126
2025-01-06 09:50:41,AAPL,102.6319,102.6544,1797
2025-01-06 09:50:42,AAPL,102.6577,102.6697,3873
2025-01-06 09:50:43,AAPL,102.6926,102.6994,7449
2025-01-06 09:50:44,AAPL,102.6929,102.7039,9779
2025-01-06 09:50:45,AAPL,102.722,102.727,4972
2025-01-06 09:50:46,AAPL,102.7543,102.7625,9942
2025-01-06 09:50:47,AAPL,102.7635,102.769,4307
2025-01-06 09:50:48,AAPL,102.7577,102.7738,7047
2025-01-06 09:50:49,AAPL,102.7382,102.7635,9230
2025-01-06 09:50:50,AAPL,102.7422,102.7534,6087
2025-01-06 09:50:51,AAPL,102.7668,102.7919,6747
2025-01-06 09:50:52,AAPL,102.7825,102.7892,8066
2025-01-06 09:50:53,AAPL,102.8035,102.8105,232
2025-01-06 09:50:54,AAPL,102.8185,102.8295,1930
2025-01-06 09:50:55,AAPL,102.7998,102.8066,5123
2025-01-06 09:50:56,AAPL,102.7887,102.804,8653
2025-01-06 09:50:57,AAPL,102.7754,102.7821,2813
2025-01-06 09:50:58,AAPL,102.7829,102.7892,9830
2025-01-06 09:50:59,AAPL,102.7779,102.7867,9944
2025-01-06 09:51:00,AAPL,102.7821,102.7924,2924
2025-01-06 09:51:01,AAPL,102.7773,102.7943,466
2025-01-06 09:51:02,AAPL,102.794,102.8063,9793
2025-01-06 09:51:03,AAPL,102.8237,102.8311,4270
2025-01-06 09:51:04,AAPL,102.8539,102.86,1472
2025-01-06 09:51:05,AAPL,102.8131,102.8291,8602
2025-01-06 09:51:06,AAPL,102.7935,102.8327,6256
2025-01-06 09:51:07,AAPL,102.7951,102.8136,56
2025-01-06 09:51:08,AAPL,102.8043,102.8114,2624
2025-01-06 09:51:09,AAPL,102.814,102.8239,4169
2025-01-06 09:51:10,AAPL,102.8131,102.8216,8204
2025-01-06 09:51:11,AAPL,102.7931,102.801,98
2025-01-06 09:51:12,AAPL,102.7879,102.8021,4173
2025-01-06 09:51:13,AAPL,102.7656,102.7803,1518
2025-01-06 09:51:14,AAPL,102.7641,102.7715,8163
2025-01-06 09:51:15,AAPL,102.7937,102.7989,6117
2025-01-06 09:51:16,AAPL,102.8016,102.81,8466
2025-01-06 09:51:17,AAPL,102.7717,102.7769,6238
2025-01-06 09:51:18,AAPL,102.7804,102.7976,1859
2025-01-06 09:51:19,AAPL,102.8028,102.8277,1654
2025-01-06 09:51:20,AAPL,102.7976,102.8029,1671
2025-01-06 09:51:21,AAPL,102.7801,102.7992,6406
2025-01-06 09:51:22,AAPL,102.7786,102.8045,5626
2025-01-06 09:51:23,AAPL,102.7417,102.7504,2476
2025-01-06 09:51:24,AAPL,102.7536,102.7682,5707
2025-01-06 09:51:25,AAPL,102.7582,102.7737,1010
2025-01-06 09:51:26,AAPL,102.7763,102.7874,6997
2025-01-06 09:51:27,AAPL,102.7399,102.7491,2217
2025-01-06 09:51:28,AAPL,102.7379,102.7468,8602
2025-01-06 09:51:29,AAPL,102.7313,102.7543,685
2025-01-06 09:51:30,AAPL,102.7418,102.7579,5764
2025-01-06 09:51:31,AAPL,102.7455,102.7558,4514
2025-01-06 09:51:32,AAPL,102.7762,102.784,1482
2025-01-06 09:51:33,AAPL,102.7658,102.7901,9910
2025-01-06 09:51:34,AAPL,102.7911,102.8031,1386
2025-01-06 09:51:35,AAPL,102.7862,102.7959,9698
2025-01-06 09:51:36,AAPL,102.7604,102.766,1573
2025-01-06 09:51:37,AAPL,102.7398,102.7465,9376
2025-01-06 09:51:38,AAPL,102.7267,102.7438,6695
2025-01-06 09:51:39,AAPL,102.7283,102.7344,4826
2025-01-06 09:51:40,AAPL,102.7102,102.7346,9512
2025-01-06 09:51:41,AAPL,102.6945,102.7062,2996
2025-01-06 09:51:42,AAPL,102.6696,102.686,2428
2025-01-06 09:51:43,AAPL,102.6705,102.6817,5053
2025-01-06 09:51:44,AAPL,102.6638,102.6759,7365
2025-01-06 09:51:45,AAPL,102.6588,102.6733,6480
2025-01-06 09:51:46,AAPL,102.6874,102.6924,5457
2025-01-06 09:51:47,AAPL,102.6894,102.6963,575
2025-01-06 09:51:48,AAPL,102.6609,102.6737,8527
2025-01-06 09:51:49,AAPL,102.6567,102.6792,9318
2025-01-06 09:51:50,AAPL,102.6871,102.6983,7367
2025-01-06 09:51:51,AAPL,102.696,102.7115,4678
2025-01-06 09:51:52,AAPL,102.6743,102.6961,421
2025-01-06 09:51:53,AAPL,102.6812,102.6873,647
2025-01-06 09:51:54,AAPL,102.6721,102.6839,6244
2025-01-06 09:51:55,AAPL,102.6559,102.6688,1231
2025-01-06 09:51:56,AAPL,102.6358,102.6584,8555
2025-01-06 09:51:57,AAPL,102.6483,102.6587,3190
2025-01-06 09:51:58,AAPL,102.636,102.6448,6589
2025-01-06 09:51:59,AAPL,102.5834,102.6126,7527
2025-01-06 09:52:00,AAPL,102.596,102.6022,6177
2025-01-06 09:52:01,AAPL,102.5919,102.6084,515
2025-01-06 09:52:02,AAPL,102.6283,102.6373,7522
2025-01-06 09:52:03,AAPL,102.6354,102.6421,2153
2025-01-06 09:52:04,AAPL,102.6622,102.6702,1013
2025-01-06 09:52:05,AAPL,102.6664,102.6807,8055
2025-01-06 09:52:06,AAPL,102.6695,102.6751,7385
2025-01-06 09:52:07,AAPL,102.667,102.6846,9818
2025-01-06 09:52:08,AAPL,102.7146,102.7362,9828
2025-01-06 09:52:09,AAPL,102.7312,102.7449,3185
2025-01-06 09:52:10,AAPL,102.696,102.7017,3890
2025-01-06 09:52:11,AAPL,102.7005,102.709,1391
2025-01-06 09:52:12,AAPL,102.6952,102.7143,5866
2025-01-06 09:52:13,AAPL,102.6653,102.6826,822
2025-01-06 09:52:14,AAPL,102.6546,102.6624,6634
2025-01-06 09:52:15,AAPL,102.6756,102.6857,9498
2025-01-06 09:52:16,AAPL,102.6618,102.674,8569
2025-01-06 09:52:17,AAPL,102.6898,102.6993,5217
2025-01-06 09:52:18,AAPL,102.6612,102.6803,1901
2025-01-06 09:52:19,AAPL,102.684,102.6943,1134
2025-01-06 09:52:20,AAPL,102.6474,102.6531,3015
2025-01-06 09:52:21,AAPL,102.6437,102.6584,1943
2025-01-06 09:52:22,AAPL,102.6435,102.6539,4231
2025-01-06 09:52:23,AAPL,102.6625,102.6704,9442
2025-01-06 09:52:24,AAPL,102.6482,102.6627,5345
2025-01-06 09:52:25,AAPL,102.6173,102.6313,2240
2025-01-06 09:52:26,AAPL,102.6107,102.6418,5014
2025-01-06 09:52:27,AAPL,102.6345,102.65,4760
2025-01-06 09:52:28,AAPL,102.6511,102.6715,1290
2025-01-06 09:52:29,AAPL,102.6517,102.6647,8743
2025-01-06 09:52:30,AAPL,102.6315,102.6402,9921
2025-01-06 09:52:31,AAPL,102.6385,102.648,1019
2025-01-06 09:52:32,AAPL,102.6201,102.6286,4239
2025-01-06 09:52:33,AAPL,102.6007,102.6145,4672
2025-01-06 09:52:34,AAPL,102.5976,102.6222,1968
2025-01-06 09:52:35,AAPL,102.5519,102.5693,8221
2025-01-06 09:52:36,AAPL,102.549,102.5562,280
2025-01-06 09:52:37,AAPL,102.5407,102.5542,1671
2025-01-06 09:52:38,AAPL,102.5212,102.5366,6706
2025-01-06 09:52:39,AAPL,102.5016,102.5133,7503
2025-01-06 09:52:40,AAPL,102.5054,102.513,4020
2025-01-06 09:52:41,AAPL,102.4989,102.5043,8015
2025-01-06 09:52:42,AAPL,102.5337,102.5506,7557
2025-01-06 09:52:43,AAPL,102.5305,102.5368,5000
2025-01-06 09:52:44,AAPL,102.5127,102.53,9960
2025-01-06 09:52:45,AAPL,102.5222,102.5307,513
2025-01-06 09:52:46,AAPL,102.5394,102.5528,1376
2025-01-06 09:52:47,AAPL,102.5803,102.5867,9050
2025-01-06 09:52:48,AAPL,102.589,102.6075,476
2025-01-06 09:52:49,AAPL,102.5773,102.5878,7627
2025-01-06 09:52:50,AAPL,102.5854,102.6,2483
2025-01-06 09:52:51,AAPL,102.5936,102.5999,6107
2025-01-06 09:52:52,AAPL,102.5732,102.5818,6191
2025-01-06 09:52:53,AAPL,102.5818,102.5875,7652
2025-01-06 09:52:54,AAPL,102.5733,102.5921,3448
2025-01-06 09:52:55,AAPL,102.5632,102.5696,9937
2025-01-06 09:52:56,AAPL,102.5437,102.5648,3937
2025-01-06 09:52:57,AAPL,102.5574,102.5675,1697
2025-01-06 09:52:58,AAPL,102.5431,102.5498,2056
2025-01-06 09:52:59,AAPL,102.539,102.5478,547
2025-01-06 09:53:00,AAPL,102.5159,102.5239,2005
2025-01-06 09:53:01,AAPL,102.5111,102.5196,9284
2025-01-06 09:53:02,AAPL,102.4927,102.5062,9594
2025-01-06 09:53:03,AAPL,102.4875,102.4956,9976
2025-01-06 09:53:04,AAPL,102.4755,102.4934,3523
2025-01-06 09:53:05,AAPL,102.4911,102.4966,8014
2025-01-06 09:53:06,AAPL,102.5122,102.5339,5884
2025-01-06 09:53:07,AAPL,102.5434,102.5504,4762
2025-01-06 09:53:08,AAPL,102.5372,102.544,5286
2025-01-06 09:53:09,AAPL,102.5404,102.5475,3152
2025-01-06 09:53:10,AAPL,102.5746,102.582,9155
2025-01-06 09:53:11,AAPL,102.5656,102.5806,2666
2025-01-06 09:53:12,AAPL,102.5469,102.5652,8667
2025-01-06 09:53:13,AAPL,102.5583,102.5705,8977
2025-01-06 09:53:14,AAPL,102.5732,102.5807,2700
2025-01-06 09:53:15,AAPL,102.5763,102.5916,4931
2025-01-06 09:53:16,AAPL,102.5478,102.563,7825
2025-01-06 09:53:17,AAPL,102.5533,102.565,6130
2025-01-06 09:53:18,AAPL,102.5499,102.5616,9524
2025-01-06 09:53:19,AAPL,102.5656,102.5793,2246
2025-01-06 09:53:20,AAPL,102.559,102.5837,324
2025-01-06 09:53:21,AAPL,102.5119,102.5235,7290
2025-01-06 09:53:22,AAPL,102.4796,102.4895,2917
2025-01-06 09:53:23,AAPL,102.4872,102.4937,2090
2025-01-06 09:53:24,AAPL,102.4795,102.4955,1459
2025-01-06 09:53:25,AAPL,102.5106,102.5223,8982
2025-01-06 09:53:26,AAPL,102.5599,102.5776,6743
2025-01-06 09:53:27,AAPL,102.556,102.5647,5061
2025-01-06 09:53:28,AAPL,102.5891,102.6061,6773
2025-01-06 09:53:29,AAPL,102.5916,102.6066,1360
2025-01-06 09:53:30,AAPL,102.5754,102.5895,8195
2025-01-06 09:53:31,AAPL,102.6169,102.6383,9809
2025-01-06 09:53:32,AAPL,102.6323,102.642,4387
2025-01-06 09:53:33,AAPL,102.6391,102.6471,1691
2025-01-06 09:53:34,AAPL,102.6444,102.6528,667
2025-01-06 09:53:35,AAPL,102.6423,102.6554,5914
2025-01-06 09:53:36,AAPL,102.6368,102.6489,2567
2025-01-06 09:53:37,AAPL,102.6471,102.6627,2227
2025-01-06 09:53:38,AAPL,102.6632,102.6812,4289
2025-01-06 09:53:39,AAPL,102.6579,102.6783,6346
2025-01-06 09:53:40,AAPL,102.6566,102.6628,1764
2025-01-06 09:53:41,AAPL,102.6462,102.6536,7726
2025-01-06 09:53:42,AAPL,102.6877,102.6966,5608
2025-01-06 09:53:43,AAPL,102.6847,102.6921,3136
2025-01-06 09:53:44,AAPL,102.6825,102.6973,3267
2025-01-06 09:53:45,AAPL,102.6673,102.6828,9573
2025-01-06 09:53:46,AAPL,102.6478,102.6541,796
2025-01-06 09:53:47,AAPL,102.6408,102.646,5275
2025-01-06 09:53:48,AAPL,102.6501,102.6596,8122
2025-01-06 09:53:49,AAPL,102.603,102.6145,8194
2025-01-06 09:53:50,AAPL,102.5738,102.5791,7990
2025-01-06 09:53:51,AAPL,102.5506,102.5732,4737
2025-01-06 09:53:52,AAPL,102.5598,102.5665,703
2025-01-06 09:53:53,AAPL,102.5244,102.5316,9452
2025-01-06 09:53:54,AAPL,102.5387,102.5517,492
2025-01-06 09:53:55,AAPL,102.5327,102.5467,872
2025-01-06 09:53:56,AAPL,102.5104,102.5287,6456
2025-01-06 09:53:57,AAPL,102.4958,102.514,8660
2025-01-06 09:53:58,AAPL,102.4869,102.5008,1755
2025-01-06 09:53:59,AAPL,102.4814,102.4983,2748
2025-01-06 09:54:00,AAPL,102.4871,102.4926,7471
2025-01-06 09:54:01,AAPL,102.4645,102.478,9893
2025-01-06 09:54:02,AAPL,102.4685,102.4793,9350
2025-01-06 09:54:03,AAPL,102.4991,102.5083,8493
2025-01-06 09:54:04,AAPL,102.5181,102.5291,5620
2025-01-06 09:54:05,AAPL,102.5048,102.5173,9188
2025-01-06 09:54:06,AAPL,102.5125,102.5273,5706
2025-01-06 09:54:07,AAPL,102.5131,102.5243,1167
2025-01-06 09:54:08,AAPL,102.5309,102.5403,8595
2025-01-06 09:54:09,AAPL,102.5397,102.5516,9251
2025-01-06 09:54:10,AAPL,102.5427,102.5586,2072
2025-01-06 09:54:11,AAPL,102.5641,102.5811,7628
2025-01-06 09:54:12,AAPL,102.5324,102.5563,6194
2025-01-06 09:54:13,AAPL,102.5583,102.5767,810
2025-01-06 09:54:14,AAPL,102.5605,102.5772,3090
2025-01-06 09:54:15,AAPL,102.5484,102.5646,1599
2025-01-06 09:54:16,AAPL,102.568,102.5842,1189
2025-01-06 09:54:17,AAPL,102.5532,102.5669,7622
2025-01-06 09:54:18,AAPL,102.5518,102.5642,3417
2025-01-06 09:54:19,AAPL,102.5536,102.5719,9845
2025-01-06 09:54:20,AAPL,102.5663,102.5767,3323
2025-01-06 09:54:21,AAPL,102.5702,102.5755,3120
2025-01-06 09:54:22,AAPL,102.5636,102.5811,5601
2025-01-06 09:54:23,AAPL,102.589,102.601,8825
2025-01-06 09:54:24,AAPL,102.57,102.576,675
2025-01-06 09:54:25,AAPL,102.5522,102.5638,9944
2025-01-06 09:54:26,AAPL,102.5548,102.573,9778
2025-01-06 09:54:27,AAPL,102.556,102.5765,1181
2025-01-06 09:54:28,AAPL,102.5533,102.5594,7480
2025-01-06 09:54:29,AAPL,102.5212,102.5323,4902
2025-01-06 09:54:30,AAPL,102.5174,102.5382,9642
2025-01-06 09:54:31,AAPL,102.5349,102.5459,5701
2025-01-06 09:54:32,AAPL,102.5434,102.5551,2519
2025-01-06 09:54:33,AAPL,102.5541,102.5815,2868
2025-01-06 09:54:34,AAPL,102.5634,102.5916,9424
2025-01-06 09:54:35,AAPL,102.5752,102.5885,7573
2025-01-06 09:54:36,AAPL,102.5954,102.6049,1027
2025-01-06 09:54:37,AAPL,102.5697,102.5918,3746
2025-01-06 09:54:38,AAPL,102.5894,102.604,1077
2025-01-06 09:54:39,AAPL,102.5948,102.6038,8097
2025-01-06 09:54:40,AAPL,102.5859,102.5995,4363
2025-01-06 09:54:41,AAPL,102.5972,102.6044,7105
2025-01-06 09:54:42,AAPL,102.5998,102.6073,9672
2025-01-06 09:54:43,AAPL,102.5719,102.5898,2003
2025-01-06 09:54:44,AAPL,102.5996,102.6133,7031
2025-01-06 09:54:45,AAPL,102.6058,102.6122,2368
2025-01-06 09:54:46,AAPL,102.5881,102.6057,2677
2025-01-06 09:54:47,AAPL,102.5873,102.5974,7635
2025-01-06 09:54:48,AAPL,102.5717,102.5891,7885
2025-01-06 09:54:49,AAPL,102.5847,102.5963,2562
2025-01-06 09:54:50,AAPL,102.5734,102.5828,3763
2025-01-06 09:54:51,AAPL,102.549,102.558,3395
2025-01-06 09:54:52,AAPL,102.5584,102.5689,1255
2025-01-06 09:54:53,AAPL,102.5644,102.5737,1605
2025-01-06 09:54:54,AAPL,102.5546,102.5735,8448
2025-01-06 09:54:55,AAPL,102.5343,102.5419,367
2025-01-06 09:54:56,AAPL,102.5386,102.5477,6210
2025-01-06 09:54:57,AAPL,102.5241,102.5437,6643
2025-01-06 09:54:58,AAPL,102.5502,102.5643,9083
2025-01-06 09:54:59,AAPL,102.5134,102.5304,4069
2025-01-06 09:55:00,AAPL,102.4981,102.5248,9343
2025-01-06 09:55:01,AAPL,102.4764,102.4882,2241
2025-01-06 09:55:02,AAPL,102.45,102.4707,9133
2025-01-06 09:55:03,AAPL,102.4445,102.4672,6647
2025-01-06 09:55:04,AAPL,102.4262,102.4523,4834
2025-01-06 09:55:05,AAPL,102.4591,102.4685,6843
2025-01-06 09:55:06,AAPL,102.4277,102.4397,6303
2025-01-06 09:55:07,AAPL,102.4077,102.4391,7296
2025-01-06 09:55:08,AAPL,102.4402,102.4488,6624
2025-01-06 09:55:09,AAPL,102.4427,102.4569,6209
2025-01-06 09:55:10,AAPL,102.4279,102.4362,6473
2025-01-06 09:55:11,AAPL,102.4301,102.4414,6365
2025-01-06 09:55:12,AAPL,102.4429,102.4575,8494
2025-01-06 09:55:13,AAPL,102.4353,102.4577,397
2025-01-06 09:55:14,AAPL,102.4411,102.4499,4960
2025-01-06 09:55:15,AAPL,102.4576,102.4792,2077
2025-01-06 09:55:16,AAPL,102.4682,102.4778,3331
2025-01-06 09:55:17,AAPL,102.4766,102.5171,746
2025-01-06 09:55:18,AAPL,102.4767,102.4895,2628
2025-01-06 09:55:19,AAPL,102.5066,102.5178,1035
2025-01-06 09:55:20,AAPL,102.5343,102.5453,9286
2025-01-06 09:55:21,AAPL,102.5252,102.5316,9852
2025-01-06 09:55:22,AAPL,102.5064,102.5169,5109
2025-01-06 09:55:23,AAPL,102.4746,102.498,2262
2025-01-06 09:55:24,AAPL,102.4879,102.5028,5642
2025-01-06 09:55:25,AAPL,102.497,102.5062,3992
2025-01-06 09:55:26,AAPL,102.4829,102.4889,2355
2025-01-06 09:55:27,AAPL,102.4868,102.4939,9775
2025-01-06 09:55:28,AAPL,102.4689,102.4792,1221
2025-01-06 09:55:29,AAPL,102.4662,102.4837,7587
2025-01-06 09:55:30,AAPL,102.4705,102.4828,5324
2025-01-06 09:55:31,AAPL,102.4564,102.4681,4651
2025-01-06 09:55:32,AAPL,102.474,102.4892,8224
2025-01-06 09:55:33,AAPL,102.4821,102.4953,3142
2025-01-06 09:55:34,AAPL,102.4505,102.4662,7216
2025-01-06 09:55:35,AAPL,102.4255,102.4339,7353
2025-01-06 09:55:36,AAPL,102.3977,102.4042,3236
2025-01-06 09:55:37,AAPL,102.3285,102.353,1366
2025-01-06 09:55:38,AAPL,102.3384,102.3657,4587
2025-01-06 09:55:39,AAPL,102.334,102.3514,7986
2025-01-06 09:55:40,AAPL,102.3661,102.3736,4279
2025-01-06 09:55:41,AAPL,102.3372,102.356,3348
2025-01-06 09:55:42,AAPL,102.3217,102.3346,9957
2025-01-06 09:55:43,AAPL,102.3335,102.3465,331
2025-01-06 09:55:44,AAPL,102.3092,102.3228,4201
2025-01-06 09:55:45,AAPL,102.2946,102.3022,8791
2025-01-06 09:55:46,AAPL,102.2737,102.2853,1738
2025-01-06 09:55:47,AAPL,102.2712,102.2837,3610
2025-01-06 09:55:48,AAPL,102.2651,102.2716,6432
2025-01-06 09:55:49,AAPL,102.2724,102.2817,5680
2025-01-06 09:55:50,AAPL,102.2491,102.2892,2677
2025-01-06 09:55:51,AAPL,102.2517,102.2626,8387
2025-01-06 09:55:52,AAPL,102.2689,102.2828,1323
2025-01-06 09:55:53,AAPL,102.261,102.2701,9068
2025-01-06 09:55:54,AAPL,102.2741,102.2838,4766
2025-01-06 09:55:55,AAPL,102.3022,102.3108,1324
2025-01-06 09:55:56,AAPL,102.2569,102.2682,6182
2025-01-06 09:55:57,AAPL,102.2382,102.2571,3914
2025-01-06 09:55:58,AAPL,102.2526,102.2756,5814
2025-01-06 09:55:59,AAPL,102.2769,102.2877,2900
2025-01-06 09:56:00,AAPL,102.2974,102.3091,841
2025-01-06 09:56:01,AAPL,102.2939,102.304,8750
2025-01-06 09:56:02,AAPL,102.327,102.3419,2007
2025-01-06 09:56:03,AAPL,102.3479,102.3574,6443
2025-01-06 09:56:04,AAPL,102.3594,102.3686,3901
2025-01-06 09:56:05,AAPL,102.3401,102.3625,5680
2025-01-06 09:56:06,AAPL,102.3794,102.3925,2128
2025-01-06 09:56:07,AAPL,102.3508,102.3578,9628
2025-01-06 09:56:08,AAPL,102.3517,102.3782,540
2025-01-06 09:56:09,AAPL,102.3596,102.3708,2127
2025-01-06 09:56:10,AAPL,102.3589,102.366,5953
2025-01-06 09:56:11,AAPL,102.3653,102.3775,7068
2025-01-06 09:56:12,AAPL,102.328,102.3359,4138
2025-01-06 09:56:13,AAPL,102.3235,102.3448,8977
2025-01-06 09:56:14,AAPL,102.3171,102.3355,5802
2025-01-06 09:56:15,AAPL,102.3254,102.343,8777
2025-01-06 09:56:16,AAPL,102.3128,102.3212,6473
2025-01-06 09:56:17,AAPL,102.2999,102.3113,2568
2025-01-06 09:56:18,AAPL,102.278,102.2901,7607
2025-01-06 09:56:19,AAPL,102.3026,102.3144,2544
2025-01-06 09:56:20,AAPL,102.322,102.3493,2698
2025-01-06 09:56:21,AAPL,102.3538,102.364,2614
2025-01-06 09:56:22,AAPL,102.2955,102.3092,1314
2025-01-06 09:56:23,AAPL,102.2947,102.3106,5920
2025-01-06 09:56:24,AAPL,102.2772,102.2895,250
2025-01-06 09:56:25,AAPL,102.2804,102.2887,5025
2025-01-06 09:56:26,AAPL,102.2682,102.2789,1476
2025-01-06 09:56:27,AAPL,102.2651,102.2796,5137
2025-01-06 09:56:28,AAPL,102.2728,102.2868,4109
2025-01-06 09:56:29,AAPL,102.2857,102.2913,6300
2025-01-06 09:56:30,AAPL,102.2468,102.2572,6920
2025-01-06 09:56:31,AAPL,102.1872,102.1955,3911
2025-01-06 09:56:32,AAPL,102.2006,102.2247,1670
2025-01-06 09:56:33,AAPL,102.1912,102.2127,9594
2025-01-06 09:56:34,AAPL,102.2055,102.2185,4107
2025-01-06 09:56:35,AAPL,102.2186,102.2294,7999
2025-01-06 09:56:36,AAPL,102.2326,102.2458,7030
2025-01-06 09:56:37,AAPL,102.2327,102.2405,9082
2025-01-06 09:56:38,AAPL,102.259,102.2702,3756
2025-01-06 09:56:39,AAPL,102.2583,102.2732,5220
2025-01-06 09:56:40,AAPL,102.2724,102.2816,8108
2025-01-06 09:56:41,AAPL,102.2415,102.2614,3962
2025-01-06 09:56:42,AAPL,102.2549,102.2697,1499
2025-01-06 09:56:43,AAPL,102.259,102.2707,8297
2025-01-06 09:56:44,AAPL,102.2701,102.277,6240
2025-01-06 09:56:45,AAPL,102.2832,102.3034,5105
2025-01-06 09:56:46,AAPL,102.3069,102.3164,1524
2025-01-06 09:56:47,AAPL,102.254,102.2642,2531
2025-01-06 09:56:48,AAPL,102.2528,102.2681,5084
2025-01-06 09:56:49,AAPL,102.2486,102.2573,5533
2025-01-06 09:56:50,AAPL,102.2487,102.27,9369
2025-01-06 09:56:51,AAPL,102.3004,102.3102,5787
2025-01-06 09:56:52,AAPL,102.3039,102.3178,5754
2025-01-06 09:56:53,AAPL,102.3112,102.3374,6007
2025-01-06 09:56:54,AAPL,102.3244,102.3295,9362
2025-01-06 09:56:55,AAPL,102.3353,102.3594,1626
2025-01-06 09:56:56,AAPL,102.3513,102.3641,8258
2025-01-06 09:56:57,AAPL,102.3403,102.3506,299
2025-01-06 09:56:58,AAPL,102.3766,102.3825,595
2025-01-06 09:56:59,AAPL,102.3486,102.358,6826
2025-01-06 09:57:00,AAPL,102.3585,102.3732,5319
2025-01-06 09:57:01,AAPL,102.3496,102.3767,8048
2025-01-06 09:57:02,AAPL,102.3423,102.3554,1816
2025-01-06 09:57:03,AAPL,102.3106,102.3195,982
2025-01-06 09:57:04,AAPL,102.3166,102.3277,1709
2025-01-06 09:57:05,AAPL,102.3116,102.3169,737
2025-01-06 09:57:06,AAPL,102.3005,102.3257,4214
2025-01-06 09:57:07,AAPL,102.3339,102.3432,1406
2025-01-06 09:57:08,AAPL,102.3273,102.335,2164
2025-01-06 09:57:09,AAPL,102.333,102.3396,2549
2025-01-06 09:57:10,AAPL,102.3533,102.3726,1090
2025-01-06 09:57:11,AAPL,102.3609,102.3778,7503
2025-01-06 09:57:12,AAPL,102.3557,102.3657,9243
2025-01-06 09:57:13,AAPL,102.3332,102.3464,8832
2025-01-06 09:57:14,AAPL,102.2957,102.3075,9469
2025-01-06 09:57:15,AAPL,102.2841,102.3097,3554
2025-01-06 09:57:16,AAPL,102.2846,102.2932,5171
2025-01-06 09:57:17,AAPL,102.3151,102.3213,6732
2025-01-06 09:57:18,AAPL,102.3167,102.3361,6866
2025-01-06 09:57:19,AAPL,102.363,102.3707,243
2025-01-06 09:57:20,AAPL,102.3321,102.3389,3421
2025-01-06 09:57:21,AAPL,102.3134,102.3236,5627
2025-01-06 09:57:22,AAPL,102.3167,102.3334,4537
2025-01-06 09:57:23,AAPL,102.3234,102.3313,939
2025-01-06 09:57:24,AAPL,102.314,102.3201,3664
2025-01-06 09:57:25,AAPL,102.3227,102.3355,3784
2025-01-06 09:57:26,AAPL,102.3185,102.3335,9862
2025-01-06 09:57:27,AAPL,102.3255,102.3419,81
2025-01-06 09:57:28,AAPL,102.3119,102.344,8698
2025-01-06 09:57:29,AAPL,102.3304,102.3404,1669
2025-01-06 09:57:30,AAPL,102.3243,102.3376,8215
2025-01-06 09:57:31,AAPL,102.3348,102.343,8868
2025-01-06 09:57:32,AAPL,102.3059,102.328,6603
2025-01-06 09:57:33,AAPL,102.3079,102.3174,3345
2025-01-06 09:57:34,AAPL,102.3127,102.3293,7555
2025-01-06 09:57:35,AAPL,102.3741,102.387,3711
2025-01-06 09:57:36,AAPL,102.389,102.4002,2900
2025-01-06 09:57:37,AAPL,102.4066,102.4162,2129
2025-01-06 09:57:38,AAPL,102.3946,102.4127,5961
2025-01-06 09:57:39,AAPL,102.3724,102.3847,5622
2025-01-06 09:57:40,AAPL,102.3413,102.3478,2204
2025-01-06 09:57:41,AAPL,102.342,102.3563,5274
2025-01-06 09:57:42,AAPL,102.3215,102.3463,6295
2025-01-06 09:57:43,AAPL,102.3422,102.3525,5535
2025-01-06 09:57:44,AAPL,102.3348,102.3471,1182
2025-01-06 09:57:45,AAPL,102.3191,102.3287,7043
2025-01-06 09:57:46,AAPL,102.3001,102.309,5594
2025-01-06 09:57:47,AAPL,102.3329,102.341,7217
2025-01-06 09:57:48,AAPL,102.3243,102.3343,7104
2025-01-06 09:57:49,AAPL,102.3168,102.335,7038
2025-01-06 09:57:50,AAPL,102.3162,102.3239,1327
2025-01-06 09:57:51,AAPL,102.3117,102.3209,3763
2025-01-06 09:57:52,AAPL,102.3062,102.3237,2064
2025-01-06 09:57:53,AAPL,102.3638,102.3743,3348
2025-01-06 09:57:54,AAPL,102.368,102.3881,7207
2025-01-06 09:57:55,AAPL,102.3891,102.3966,7082
2025-01-06 09:57:56,AAPL,102.4003,102.4085,8215
2025-01-06 09:57:57,AAPL,102.3809,102.3963,2283
2025-01-06 09:57:58,AAPL,102.3881,102.4012,2032
2025-01-06 09:57:59,AAPL,102.407,102.4182,4116
2025-01-06 09:58:00,AAPL,102.4073,102.4191,9296
2025-01-06 09:58:01,AAPL,102.3952,102.4043,3528
2025-01-06 09:58:02,AAPL,102.4088,102.4182,9580
2025-01-06 09:58:03,AAPL,102.4041,102.4291,9042
2025-01-06 09:58:04,AAPL,102.3828,102.402,5333
2025-01-06 09:58:05,AAPL,102.394,102.4096,6626
2025-01-06 09:58:06,AAPL,102.3715,102.3858,5344
2025-01-06 09:58:07,AAPL,102.3501,102.3561,9168
2025-01-06 09:58:08,AAPL,102.3604,102.3712,5550
2025-01-06 09:58:09,AAPL,102.3559,102.3629,1854
2025-01-06 09:58:10,AAPL,102.3363,102.3449,4793
2025-01-06 09:58:11,AAPL,102.3652,102.3792,2737
2025-01-06 09:58:12,AAPL,102.3456,102.3572,6567
2025-01-06 09:58:13,AAPL,102.3484,102.3546,9886
2025-01-06 09:58:14,AAPL,102.3371,102.3438,9453
2025-01-06 09:58:15,AAPL,102.3252,102.336,8516
2025-01-06 09:58:16,AAPL,102.3174,102.3468,9238
2025-01-06 09:58:17,AAPL,102.3385,102.3545,4376
2025-01-06 09:58:18,AAPL,102.3513,102.3643,7534
2025-01-06 09:58:19,AAPL,102.326,102.3377,9341
2025-01-06 09:58:20,AAPL,102.297,102.3048,3440
2025-01-06 09:58:21,AAPL,102.299,102.308,5116
2025-01-06 09:58:22,AAPL,102.2668,102.3003,4328
2025-01-06 09:58:23,AAPL,102.2998,102.311,9274
2025-01-06 09:58:24,AAPL,102.2977,102.3063,1506
2025-01-06 09:58:25,AAPL,102.3232,102.3339,9774
2025-01-06 09:58:26,AAPL,102.3232,102.3426,9717
2025-01-06 09:58:27,AAPL,102.3242,102.3472,2502
2025-01-06 09:58:28,AAPL,102.3116,102.3465,8234
2025-01-06 09:58:29,AAPL,102.3215,102.3373,4292
2025-01-06 09:58:30,AAPL,102.3347,102.3422,6740
2025-01-06 09:58:31,AAPL,102.33,102.3402,6600
2025-01-06 09:58:32,AAPL,102.3018,102.3147,63
2025-01-06 09:58:33,AAPL,102.3142,102.3207,6128
2025-01-06 09:58:34,AAPL,102.301,102.311,3191
2025-01-06 09:58:35,AAPL,102.2928,102.3011,4389
2025-01-06 09:58:36,AAPL,102.2854,102.2953,5898
2025-01-06 09:58:37,AAPL,102.2901,102.3039,266
2025-01-06 09:58:38,AAPL,102.2836,102.2974,2314
2025-01-06 09:58:39,AAPL,102.2843,102.2965,7163
2025-01-06 09:58:40,AAPL,102.2665,102.2836,5517
2025-01-06 09:58:41,AAPL,102.2673,102.273,4591
2025-01-06 09:58:42,AAPL,102.2964,102.314,7320
2025-01-06 09:58:43,AAPL,102.3063,102.3117,6218
2025-01-06 09:58:44,AAPL,102.2912,102.3086,9979
2025-01-06 09:58:45,AAPL,102.3441,102.3502,4909
2025-01-06 09:58:46,AAPL,102.3697,102.3828,7155
2025-01-06 09:58:47,AAPL,102.3691,102.3796,4529
2025-01-06 09:58:48,AAPL,102.357,102.3709,596
2025-01-06 09:58:49,AAPL,102.3764,102.3879,662
2025-01-06 09:58:50,AAPL,102.3679,102.3863,903
2025-01-06 09:58:51,AAPL,102.3627,102.3805,2739
2025-01-06 09:58:52,AAPL,102.3496,102.3566,7463
2025-01-06 09:58:53,AAPL,102.321,102.335,5957
2025-01-06 09:58:54,AAPL,102.3517,102.3601,8915
2025-01-06 09:58:55,AAPL,102.3582,102.3765,7289
2025-01-06 09:58:56,AAPL,102.3857,102.3999,4053
2025-01-06 09:58:57,AAPL,102.3687,102.3854,1759
2025-01-06 09:58:58,AAPL,102.3512,102.3647,1084
2025-01-06 09:58:59,AAPL,102.3792,102.3885,7701
2025-01-06 09:59:00,AAPL,102.3723,102.4022,3655
2025-01-06 09:59:01,AAPL,102.3824,102.3923,884
2025-01-06 09:59:02,AAPL,102.3755,102.3857,5949
2025-01-06 09:59:03,AAPL,102.3808,102.3871,7215
2025-01-06 09:59:04,AAPL,102.3867,102.3939,1590
2025-01-06 09:59:05,AAPL,102.3838,102.4095,1083
2025-01-06 09:59:06,AAPL,102.3741,102.3921,1220
2025-01-06 09:59:07,AAPL,102.3969,102.4044,4218
2025-01-06 09:59:08,AAPL,102.3692,102.3872,6442
2025-01-06 09:59:09,AAPL,102.3685,102.3768,9981
2025-01-06 09:59:10,AAPL,102.38,102.3893,4528
2025-01-06 09:59:11,AAPL,102.3815,102.3914,8211
2025-01-06 09:59:12,AAPL,102.3538,102.3687,122
2025-01-06 09:59:13,AAPL,102.3821,102.3962,6876
2025-01-06 09:59:14,AAPL,102.3714,102.3769,9705
2025-01-06 09:59:15,AAPL,102.3721,102.3795,7145
2025-01-06 09:59:16,AAPL,102.3799,102.3881,818
2025-01-06 09:59:17,AAPL,102.3812,102.3886,3554
2025-01-06 09:59:18,AAPL,102.3891,102.4054,5074
2025-01-06 09:59:19,AAPL,102.3968,102.4077,2901
2025-01-06 09:59:20,AAPL,102.3733,102.3977,8058
2025-01-06 09:59:21,AAPL,102.359,102.3795,4775
2025-01-06 09:59:22,AAPL,102.3913,102.4007,4535
2025-01-06 09:59:23,AAPL,102.3895,102.3948,9586
2025-01-06 09:59:24,AAPL,102.3414,102.3466,5267
2025-01-06 09:59:25,AAPL,102.3616,102.3832,6094
2025-01-06 09:59:26,AAPL,102.3448,102.3541,7069
2025-01-06 09:59:27,AAPL,102.3432,102.3719,1700
2025-01-06 09:59:28,AAPL,102.3094,102.3316,8379
2025-01-06 09:59:29,AAPL,102.3,102.3113,1821
2025-01-06 09:59:30,AAPL,102.3117,102.3202,5852
2025-01-06 09:59:31,AAPL,102.3146,102.3203,5468
2025-01-06 09:59:32,AAPL,102.2994,102.3074,1920
2025-01-06 09:59:33,AAPL,102.2984,102.3211,9859
2025-01-06 09:59:34,AAPL,102.2913,102.2976,5442
2025-01-06 09:59:35,AAPL,102.2788,102.2909,70
2025-01-06 09:59:36,AAPL,102.2976,102.3163,6011
2025-01-06 09:59:37,AAPL,102.2854,102.2933,8748
2025-01-06 09:59:38,AAPL,102.293,102.3184,4094
2025-01-06 09:59:39,AAPL,102.2872,102.2929,6329
2025-01-06 09:59:40,AAPL,102.3128,102.3271,7454
2025-01-06 09:59:41,AAPL,102.3209,102.3385,7849
2025-01-06 09:59:42,AAPL,102.3187,102.3351,8633
2025-01-06 09:59:43,AAPL,102.3367,102.3446,9511
2025-01-06 09:59:44,AAPL,102.3257,102.3384,191
2025-01-06 09:59:45,AAPL,102.2833,102.3173,1274
2025-01-06 09:59:46,AAPL,102.296,102.3097,7951
2025-01-06 09:59:47,AAPL,102.277,102.2964,2942
2025-01-06 09:59:48,AAPL,102.3029,102.3185,5960
2025-01-06 09:59:49,AAPL,102.2878,102.2939,9548
2025-01-06 09:59:50,AAPL,102.2933,102.3056,809
2025-01-06 09:59:51,AAPL,102.2874,102.2991,9401
2025-01-06 09:59:52,AAPL,102.2791,102.2992,69
2025-01-06 09:59:53,AAPL,102.3223,102.3316,7817
2025-01-06 09:59:54,AAPL,102.321,102.3304,5357
2025-01-06 09:59:55,AAPL,102.3368,102.3539,4222
2025-01-06 09:59:56,AAPL,102.3195,102.3284,974
2025-01-06 09:59:57,AAPL,102.306,102.3143,1256
2025-01-06 09:59:58,AAPL,102.311,102.3231,9131
2025-01-06 09:59:59,AAPL,102.3561,102.3639,4364
2025-01-06 10:00:00,AAPL,102.3343,102.3494,733
2025-01-06 10:00:01,AAPL,102.3223,102.3277,9373
2025-01-06 10:00:02,AAPL,102.3076,102.3295,2329
2025-01-06 10:00:03,AAPL,102.3202,102.3366,9814
2025-01-06 10:00:04,AAPL,102.3077,102.3128,1360
2025-01-06 10:00:05,AAPL,102.3036,102.3087,9682
2025-01-06 10:00:06,AAPL,102.2961,102.317,8041
2025-01-06 10:00:07,AAPL,102.2858,102.2941,7846
2025-01-06 10:00:08,AAPL,102.2584,102.2737,2714
2025-01-06 10:00:09,AAPL,102.2744,102.2846,2002
2025-01-06 10:00:10,AAPL,102.2746,102.2837,1991
2025-01-06 10:00:11,AAPL,102.3042,102.311,7796
2025-01-06 10:00:12,AAPL,102.3132,102.3237,6237
2025-01-06 10:00:13,AAPL,102.3294,102.3356,9472
2025-01-06 10:00:14,AAPL,102.3684,102.3816,2492
2025-01-06 10:00:15,AAPL,102.3496,102.3705,8149
2025-01-06 10:00:16,AAPL,102.3397,102.3611,2776
2025-01-06 10:00:17,AAPL,102.3251,102.3454,1523
2025-01-06 10:00:18,AAPL,102.3292,102.3384,2570
2025-01-06 10:00:19,AAPL,102.3236,102.3319,724
2025-01-06 10:00:20,AAPL,102.305,102.3201,7817
2025-01-06 10:00:21,AAPL,102.3262,102.3323,2548
2025-01-06 10:00:22,AAPL,102.3174,102.324,1180
2025-01-06 10:00:23,AAPL,102.3429,102.3565,1437
2025-01-06 10:00:24,AAPL,102.3422,102.3582,1278
2025-01-06 10:00:25,AAPL,102.3267,102.3329,6299
2025-01-06 10:00:26,AAPL,102.3383,102.3562,2571
2025-01-06 10:00:27,AAPL,102.3427,102.3483,5479
2025-01-06 10:00:28,AAPL,102.3299,102.3463,8344
2025-01-06 10:00:29,AAPL,102.3379,102.3549,2965
2025-01-06 10:00:30,AAPL,102.2909,102.2967,7066
2025-01-06 10:00:31,AAPL,102.2962,102.3183,2404
2025-01-06 10:00:32,AAPL,102.3111,102.3276,8704
2025-01-06 10:00:33,AAPL,102.3147,102.3329,2651
2025-01-06 10:00:34,AAPL,102.3327,102.3472,7174
2025-01-06 10:00:35,AAPL,102.3021,102.3164,6126
2025-01-06 10:00:36,AAPL,102.3039,102.3109,9696
2025-01-06 10:00:37,AAPL,102.3432,102.3491,8449
2025-01-06 10:00:38,AAPL,102.3037,102.3117,1149
2025-01-06 10:00:39,AAPL,102.2692,102.2846,5737
2025-01-06 10:00:40,AAPL,102.2802,102.2857,2377
2025-01-06 10:00:41,AAPL,102.2832,102.2976,5828
2025-01-06 10:00:42,AAPL,102.3018,102.3086,7541
2025-01-06 10:00:43,AAPL,102.3144,102.3272,6908
2025-01-06 10:00:44,AAPL,102.3479,102.3655,9285
2025-01-06 10:00:45,AAPL,102.3914,102.4003,9875
2025-01-06 10:00:46,AAPL,102.4027,102.412,3432
2025-01-06 10:00:47,AAPL,102.3717,102.3905,5309
2025-01-06 10:00:48,AAPL,102.3655,102.374,7495
2025-01-06 10:00:49,AAPL,102.349,102.355,243
2025-01-06 10:00:50,AAPL,102.3428,102.3684,7933
2025-01-06 10:00:51,AAPL,102.3788,102.3877,8194
2025-01-06 10:00:52,AAPL,102.3687,102.3875,6781
2025-01-06 10:00:53,AAPL,102.3594,102.3711,886
2025-01-06 10:00:54,AAPL,102.3651,102.3757,955
2025-01-06 10:00:55,AAPL,102.3484,102.3608,2946
2025-01-06 10:00:56,AAPL,102.3294,102.3387,6965
2025-01-06 10:00:57,AAPL,102.3236,102.3367,2970
2025-01-06 10:00:58,AAPL,102.3203,102.3254,5493
2025-01-06 10:00:59,AAPL,102.3146,102.3208,2782
2025-01-06 10:01:00,AAPL,102.3015,102.315,2523
2025-01-06 10:01:01,AAPL,102.3212,102.3343,6767
2025-01-06 10:01:02,AAPL,102.3747,102.3862,6791
2025-01-06 10:01:03,AAPL,102.3954,102.4033,2715
2025-01-06 10:01:04,AAPL,102.406,102.4141,2183
2025-01-06 10:01:05,AAPL,102.3944,102.4128,3221
2025-01-06 10:01:06,AAPL,102.3786,102.3941,4701
2025-01-06 10:01:07,AAPL,102.4015,102.4135,8316
2025-01-06 10:01:08,AAPL,102.413,102.4216,4414
2025-01-06 10:01:09,AAPL,102.4152,102.4279,3573
2025-01-06 10:01:10,AAPL,102.4236,102.4331,9419
2025-01-06 10:01:11,AAPL,102.4349,102.4465,3358
2025-01-06 10:01:12,AAPL,102.4369,102.4513,4031
2025-01-06 10:01:13,AAPL,102.4653,102.488,9091
2025-01-06 10:01:14,AAPL,102.4786,102.492,3009
2025-01-06 10:01:15,AAPL,102.5032,102.5242,5819
2025-01-06 10:01:16,AAPL,102.4797,102.5025,3818
2025-01-06 10:01:17,AAPL,102.4403,102.4679,3656
2025-01-06 10:01:18,AAPL,102.4185,102.4335,5440
2025-01-06 10:01:19,AAPL,102.434,102.4657,3731
2025-01-06 10:01:20,AAPL,102.48,102.5013,3494
2025-01-06 10:01:21,AAPL,102.4739,102.4795,7668
2025-01-06 10:01:22,AAPL,102.4867,102.5138,2486
2025-01-06 10:01:23,AAPL,102.5245,102.5386,5845
2025-01-06 10:01:24,AAPL,102.5065,102.5128,4835
2025-01-06 10:01:25,AAPL,102.5041,102.5101,9337
2025-01-06 10:01:26,AAPL,102.4661,102.4816,7964
2025-01-06 10:01:27,AAPL,102.4439,102.4564,8051
2025-01-06 10:01:28,AAPL,102.4554,102.4725,7985
2025-01-06 10:01:29,AAPL,102.4863,102.4942,9465
2025-01-06 10:01:30,AAPL,102.517,102.5353,1842
2025-01-06 10:01:31,AAPL,102.5185,102.5375,8003
2025-01-06 10:01:32,AAPL,102.5302,102.5431,5178
2025-01-06 10:01:33,AAPL,102.5227,102.5289,8272
2025-01-06 10:01:34,AAPL,102.5228,102.5358,6068
2025-01-06 10:01:35,AAPL,102.4801,102.5038,517
2025-01-06 10:01:36,AAPL,102.4794,102.5023,2256
2025-01-06 10:01:37,AAPL,102.4488,102.4717,9868
2025-01-06 10:01:38,AAPL,102.4749,102.4818,7270
2025-01-06 10:01:39,AAPL,102.5087,102.518,342
2025-01-06 10:01:40,AAPL,102.5137,102.5199,5021
2025-01-06 10:01:41,AAPL,102.5013,102.5205,3130
2025-01-06 10:01:42,AAPL,102.5136,102.5207,5136
2025-01-06 10:01:43,AAPL,102.5284,102.5345,9781
2025-01-06 10:01:44,AAPL,102.5305,102.5465,6301
2025-01-06 10:01:45,AAPL,102.5097,102.5345,6184
2025-01-06 10:01:46,AAPL,102.5262,102.5317,8634
2025-01-06 10:01:47,AAPL,102.5263,102.5332,5591
2025-01-06 10:01:48,AAPL,102.5352,102.5411,8685
2025-01-06 10:01:49,AAPL,102.5459,102.5619,2062
2025-01-06 10:01:50,AAPL,102.5335,102.547,7502
2025-01-06 10:01:51,AAPL,102.5329,102.5449,9042
2025-01-06 10:01:52,AAPL,102.5183,102.5247,9918
2025-01-06 10:01:53,AAPL,102.4929,102.517,7202
2025-01-06 10:01:54,AAPL,102.516,102.5293,644
2025-01-06 10:01:55,AAPL,102.5293,102.5376,5765
2025-01-06 10:01:56,AAPL,102.5281,102.539,3033
2025-01-06 10:01:57,AAPL,102.5363,102.5448,3802
2025-01-06 10:01:58,AAPL,102.5203,102.538,5108
2025-01-06 10:01:59,AAPL,102.5696,102.577,7749
2025-01-06 10:02:00,AAPL,102.5612,102.5732,4406
2025-01-06 10:02:01,AAPL,102.5533,102.5609,9738
2025-01-06 10:02:02,AAPL,102.5288,102.5393,8289
2025-01-06 10:02:03,AAPL,102.5131,102.5288,8314
2025-01-06 10:02:04,AAPL,102.536,102.5417,4490
2025-01-06 10:02:05,AAPL,102.5289,102.5438,2478
2025-01-06 10:02:06,AAPL,102.5384,102.5487,1405
2025-01-06 10:02:07,AAPL,102.5571,102.5661,5505
2025-01-06 10:02:08,AAPL,102.5138,102.5339,2266
2025-01-06 10:02:09,AAPL,102.465,102.4778,1106
2025-01-06 10:02:10,AAPL,102.4384,102.4575,6831
2025-01-06 10:02:11,AAPL,102.4145,102.4323,8737
2025-01-06 10:02:12,AAPL,102.4184,102.4345,7384
2025-01-06 10:02:13,AAPL,102.4287,102.4563,945
2025-01-06 10:02:14,AAPL,102.4838,102.4978,9943
2025-01-06 10:02:15,AAPL,102.4238,102.4352,9597
2025-01-06 10:02:16,AAPL,102.4381,102.4482,3676
2025-01-06 10:02:17,AAPL,102.3995,102.4129,5337
2025-01-06 10:02:18,AAPL,102.4364,102.4443,4209
2025-01-06 10:02:19,AAPL,102.411,102.4239,4132
2025-01-06 10:02:20,AAPL,102.4503,102.4587,4555
2025-01-06 10:02:21,AAPL,102.4112,102.4245,934
2025-01-06 10:02:22,AAPL,102.4086,102.4205,5149
2025-01-06 10:02:23,AAPL,102.3953,102.4021,9542
2025-01-06 10:02:24,AAPL,102.3921,102.401,7558
2025-01-06 10:02:25,AAPL,102.3923,102.3979,6050
2025-01-06 10:02:26,AAPL,102.3922,102.4033,136
2025-01-06 10:02:27,AAPL,102.391,102.4102,1107
2025-01-06 10:02:28,AAPL,102.432,102.4489,4175
2025-01-06 10:02:29,AAPL,102.4556,102.4624,1032
2025-01-06 10:02:30,AAPL,102.4166,102.4218,7390
2025-01-06 10:02:31,AAPL,102.4152,102.4204,4809
2025-01-06 10:02:32,AAPL,102.4205,102.4292,3152
2025-01-06 10:02:33,AAPL,102.4003,102.4183,5613
2025-01-06 10:02:34,AAPL,102.4175,102.4287,5007
2025-01-06 10:02:35,AAPL,102.4229,102.4391,1277
2025-01-06 10:02:36,AAPL,102.4315,102.4396,9628
2025-01-06 10:02:37,AAPL,102.4461,102.457,7834
2025-01-06 10:02:38,AAPL,102.4292,102.4505,6340
2025-01-06 10:02:39,AAPL,102.3781,102.398,3402
2025-01-06 10:02:40,AAPL,102.3981,102.4124,3452
2025-01-06 10:02:41,AAPL,102.4091,102.4221,3891
2025-01-06 10:02:42,AAPL,102.3984,102.4045,8414
2025-01-06 10:02:43,AAPL,102.3963,102.4013,2726
2025-01-06 10:02:44,AAPL,102.3913,102.3984,7698
2025-01-06 10:02:45,AAPL,102.4171,102.4245,1397
2025-01-06 10:02:46,AAPL,102.3999,102.4161,2807
2025-01-06 10:02:47,AAPL,102.3874,102.3939,3251
2025-01-06 10:02:48,AAPL,102.3973,102.4046,2100
2025-01-06 10:02:49,AAPL,102.3738,102.3907,3316
2025-01-06 10:02:50,AAPL,102.3661,102.384,2508
2025-01-06 10:02:51,AAPL,102.3628,102.3828,5700
2025-01-06 10:02:52,AAPL,102.3543,102.3629,6780
2025-01-06 10:02:53,AAPL,102.354,102.3612,2826
2025-01-06 10:02:54,AAPL,102.3827,102.3935,4799
2025-01-06 10:02:55,AAPL,102.3778,102.383,5537
2025-01-06 10:02:56,AAPL,102.364,102.3797,3292
2025-01-06 10:02:57,AAPL,102.3738,102.3871,929
2025-01-06 10:02:58,AAPL,102.358,102.3761,472
2025-01-06 10:02:59,AAPL,102.3224,102.3433,4847
2025-01-06 10:03:00,AAPL,102.3161,102.3369,1910
2025-01-06 10:03:01,AAPL,102.3306,102.3417,1826
2025-01-06 10:03:02,AAPL,102.312,102.3185,6786
2025-01-06 10:03:03,AAPL,102.3063,102.3148,4264
2025-01-06 10:03:04,AAPL,102.2715,102.2814,4450
2025-01-06 10:03:05,AAPL,102.3112,102.3225,2735
2025-01-06 10:03:06,AAPL,102.3158,102.3278,4013
2025-01-06 10:03:07,AAPL,102.3295,102.34,7202
2025-01-06 10:03:08,AAPL,102.3389,102.3475,3840
2025-01-06 10:03:09,AAPL,102.3584,102.3697,2779
2025-01-06 10:03:10,AAPL,102.3678,102.3823,5355
2025-01-06 10:03:11,AAPL,102.4059,102.4131,8256
2025-01-06 10:03:12,AAPL,102.4007,102.4089,1648
2025-01-06 10:03:13,AAPL,102.4181,102.4248,197
2025-01-06 10:03:14,AAPL,102.3968,102.4027,436
2025-01-06 10:03:15,AAPL,102.3892,102.4226,121
2025-01-06 10:03:16,AAPL,102.3777,102.3881,4617
2025-01-06 10:03:17,AAPL,102.376,102.4023,5256
2025-01-06 10:03:18,AAPL,102.375,102.3845,7513
2025-01-06 10:03:19,AAPL,102.366,102.3773,312
2025-01-06 10:03:20,AAPL,102.3739,102.3809,3171
2025-01-06 10:03:21,AAPL,102.382,102.3971,5488
2025-01-06 10:03:22,AAPL,102.3596,102.3675,3139
2025-01-06 10:03:23,AAPL,102.3745,102.3849,3336
2025-01-06 10:03:24,AAPL,102.3932,102.4052,1262
2025-01-06 10:03:25,AAPL,102.3841,102.3928,9999
2025-01-06 10:03:26,AAPL,102.4111,102.4203,6889
2025-01-06 10:03:27,AAPL,102.4182,102.438,6009
2025-01-06 10:03:28,AAPL,102.4618,102.474,6637
2025-01-06 10:03:29,AAPL,102.4775,102.483,1440
2025-01-06 10:03:30,AAPL,102.4932,102.4992,1105
2025-01-06 10:03:31,AAPL,102.4901,102.5033,7250
2025-01-06 10:03:32,AAPL,102.4723,102.487,305
2025-01-06 10:03:33,AAPL,102.4684,102.4788,7304
2025-01-06 10:03:34,AAPL,102.4404,102.447,3585
2025-01-06 10:03:35,AAPL,102.4291,102.4448,7749
2025-01-06 10:03:36,AAPL,102.4117,102.4198,1095
2025-01-06 10:03:37,AAPL,102.4006,102.4088,8531
2025-01-06 10:03:38,AAPL,102.4458,102.4518,6372
2025-01-06 10:03:39,AAPL,102.4394,102.4467,388
2025-01-06 10:03:40,AAPL,102.4874,102.5093,8940
2025-01-06 10:03:41,AAPL,102.4968,102.5055,3196
2025-01-06 10:03:42,AAPL,102.4685,102.4779,2954
2025-01-06 10:03:43,AAPL,102.4868,102.4974,3006
2025-01-06 10:03:44,AAPL,102.4597,102.4823,8157
2025-01-06 10:03:45,AAPL,102.4787,102.4864,2770
2025-01-06 10:03:46,AAPL,102.4659,102.487,2157
2025-01-06 10:03:47,AAPL,102.4774,102.4918,5485
2025-01-06 10:03:48,AAPL,102.4867,102.502,824
2025-01-06 10:03:49,AAPL,102.5103,102.521,4448
2025-01-06 10:03:50,AAPL,102.5086,102.5188,2467
2025-01-06 10:03:51,AAPL,102.5217,102.5416,5685
2025-01-06 10:03:52,AAPL,102.5259,102.5336,4282
2025-01-06 10:03:53,AAPL,102.535,102.5481,4538
2025-01-06 10:03:54,AAPL,102.5313,102.5376,2038
2025-01-06 10:03:55,AAPL,102.5222,102.537,5613
2025-01-06 10:03:56,AAPL,102.5332,102.5458,5987
2025-01-06 10:03:57,AAPL,102.5173,102.5225,6877
2025-01-06 10:03:58,AAPL,102.5169,102.5223,4353
2025-01-06 10:03:59,AAPL,102.5003,102.5134,6933
2025-01-06 10:04:00,AAPL,102.4947,102.5167,8117
2025-01-06 10:04:01,AAPL,102.4958,102.5056,9667
2025-01-06 10:04:02,AAPL,102.5091,102.544,4770
2025-01-06 10:04:03,AAPL,102.5735,102.5786,9906
2025-01-06 10:04:04,AAPL,102.5757,102.5833,9556
2025-01-06 10:04:05,AAPL,102.5714,102.5792,8745
2025-01-06 10:04:06,AAPL,102.5441,102.5542,5956
2025-01-06 10:04:07,AAPL,102.543,102.5611,1227
2025-01-06 10:04:08,AAPL,102.57,102.584,3262
2025-01-06 10:04:09,AAPL,102.5707,102.5865,9191
2025-01-06 10:04:10,AAPL,102.5535,102.5606,1164
2025-01-06 10:04:11,AAPL,102.5182,102.5253,7979
2025-01-06 10:04:12,AAPL,102.5138,102.5268,1883
2025-01-06 10:04:13,AAPL,102.5014,102.5135,831
2025-01-06 10:04:14,AAPL,102.4947,102.508,6317
2025-01-06 10:04:15,AAPL,102.473,102.4963,1983
2025-01-06 10:04:16,AAPL,102.4555,102.466,9049
2025-01-06 10:04:17,AAPL,102.4491,102.4601,2108
2025-01-06 10:04:18,AAPL,102.4198,102.4334,5360
2025-01-06 10:04:19,AAPL,102.4541,102.4594,8912
2025-01-06 10:04:20,AAPL,102.4711,102.4808,5943
2025-01-06 10:04:21,AAPL,102.4376,102.4558,2018
2025-01-06 10:04:22,AAPL,102.4306,102.4429,3098
2025-01-06 10:04:23,AAPL,102.4113,102.4198,960
2025-01-06 10:04:24,AAPL,102.4278,102.4351,1072
2025-01-06 10:04:25,AAPL,102.4447,102.4601,3044
2025-01-06 10:04:26,AAPL,102.4846,102.49,7490
2025-01-06 10:04:27,AAPL,102.4819,102.4903,7158
2025-01-06 10:04:28,AAPL,102.4687,102.5043,9880
2025-01-06 10:04:29,AAPL,102.4852,102.5073,3282
2025-01-06 10:04:30,AAPL,102.4396,102.4543,8265
2025-01-06 10:04:31,AAPL,102.4188,102.4267,2366
2025-01-06 10:04:32,AAPL,102.4084,102.4189,9223
2025-01-06 10:04:33,AAPL,102.4056,102.4172,4613
2025-01-06 10:04:34,AAPL,102.3741,102.389,4885
2025-01-06 10:04:35,AAPL,102.3671,102.3838,6265
2025-01-06 10:04:36,AAPL,102.3815,102.3878,176
2025-01-06 10:04:37,AAPL,102.3137,102.3295,3946
2025-01-06 10:04:38,AAPL,102.3064,102.3166,6360
2025-01-06 10:04:39,AAPL,102.2977,102.3088,3909
2025-01-06 10:04:40,AAPL,102.2642,102.2783,4886
2025-01-06 10:04:41,AAPL,102.252,102.2614,3692
2025-01-06 10:04:42,AAPL,102.2723,102.2969,9898
2025-01-06 10:04:43,AAPL,102.2846,102.3058,9064
2025-01-06 10:04:44,AAPL,102.2804,102.2955,7933
2025-01-06 10:04:45,AAPL,102.2659,102.282,1612
2025-01-06 10:04:46,AAPL,102.2906,102.3199,4362
2025-01-06 10:04:47,AAPL,102.2939,102.3101,6457
2025-01-06 10:04:48,AAPL,102.2838,102.2989,2656
2025-01-06 10:04:49,AAPL,102.3163,102.3278,1424
2025-01-06 10:04:50,AAPL,102.3103,102.325,4055
2025-01-06 10:04:51,AAPL,102.3248,102.341,4252
2025-01-06 10:04:52,AAPL,102.3313,102.3412,6333
2025-01-06 10:04:53,AAPL,102.3104,102.322,3988
2025-01-06 10:04:54,AAPL,102.2999,102.309,4503
2025-01-06 10:04:55,AAPL,102.2783,102.2915,3882
2025-01-06 10:04:56,AAPL,102.2983,102.3128,9177
